3096 5132
1569 399 2010 461 -70-

1566 594 1616 658 4
1649 594 1712 659 -l-
1749 596 1792 659 3
1826 594 1891 657 -l-
1926 595 1998 659 2:

843 723 894 764 c.
931 703 1048 765 31:
1196 699 1319 780 hic,
1370 700 1643 780 aiebant,
1695 701 1980 782 psallere,

1143 703 1302 913 Jhic
1349 826 1541 887 orare,

1198 913 1302 976 hic
1352 915 1612 995 operari,

1150 918 1302 1121 lhic
1348 1021 1552 1084 fessus
1601 1020 1872 1084 residere
1921 1020 2147 1086 solitus
2197 1023 2359 1101 erat3

986 1124 1097 1191 has
1144 1125 1327 1207 viteS,

984 1232 1098 1296 has
1146 1234 1514 1298 arbusculas
1563 1235 1700 1317 ipse
1738 1233 2078 1318 plantavit,

985 1339 1164 1403 illam
1214 1341 1490 1404 areolam
1537 1341 1832 1404 manibus
1883 1342 2013 1404 suis
2064 1341 2196 1423 ipse
2245 1342 2621 1425 composuit3

719 1446 881 1509 hanc
948 1446 1254 1527 piscinam
1327 1449 1403 1511 ad
1465 1447 1860 1530 irrigandum
1908 1447 2235 1512 hortulum

1872 1555 2070 1618 multo
2120 1556 2343 1619 sudore
2391 1555 2741 1620 fabricatus
2795 1559 2917 1637 est,

719 1659 914 1723 istum
964 1660 1282 1723 sarculum
1330 1660 1405 1723 ad
1451 1661 1808 1725 fodiendam
1847 1662 2079 1724 terram
2114 1662 2406 1744 pluribus
2441 1663 2623 1726 annis
2656 1662 2912 1728 habuit.

1414 1808 1533 1872 1†
1569 1809 1611 1871 2
1647 1806 1711 1870 -l-
1745 1810 1773 1872 1
1809 1806 1873 1870 ÷
1907 1808 1949 1870 2
1984 1805 2049 1871 -l-
2085 1808 2142 1873 1:

1093 1930 1142 1976 c.
1182 1913 1250 1976 6:
1315 1913 1588 1992 quadam
1640 1914 1814 1976 nocte

752 2015 1068 2079 infantum
1118 2018 1321 2099 coepit
1368 2018 1586 2082 audire
1633 2020 1902 2099 vagituS,

1143 2125 1449 2291 {balatus
1498 2146 1814 2207 pecorum,

1196 2231 1480 2314 mugitus
1532 2233 1740 2312 boum,

751 2336 1078 2418 planctum
1127 2337 1311 2420 quasi
1358 2338 1898 2419 muliercularum,

1143 2443 1450 2613 {leonum
1499 2445 1771 2527 rugitUS,

1196 2570 1484 2615 murmur
1530 2551 1838 2616 exercitus

753 2661 814 2720 et
861 2675 1079 2720 rursus
1127 2657 1445 2721 variarum
1492 2661 1782 2741 portenta
1829 2680 2065 2724 vocum.

1092 2856 1154 2919 3.
1205 2856 1298 2921 De
1346 2855 1555 2921 libris
1605 2857 1959 2922 adversus
2007 2855 2491 2922 savinianum.

844 2995 1053 3059 Etiam
1122 2998 1309 3080 paulo
1381 2999 1614 3062 maiore
1663 3001 1791 3062 arto
1842 2999 1989 3062 libri
2041 2999 2182 3078 duo,
2244 3019 2397 3080 quos
2447 2998 2745 3062 adversus
2795 3000 2914 3062 Jo-

665 3102 991 3166 vinianum
1040 3103 1310 3185 scripsit,
1362 3106 1692 3188 compositi
1743 3111 1919 3185 sunt3
1993 3125 2114 3188 qua
2164 3106 2239 3169 de
2286 3124 2473 3169 causa
2540 3124 2620 3168 ne
2669 3105 2916 3171 nimius

670 3208 811 3291 sim,
859 3209 1211 3292 insigniora
1258 3211 1510 3294 eligam.

1379 3359 1441 3434 α)
1492 3355 1595 3418 De
1645 3354 2187 3418 similitudine.

844 3479 929 3543 Ut
977 3478 1145 3543 dicat
1192 3499 1256 3543 se
1300 3480 1462 3543 vello
1496 3481 1837 3543 sententias
1873 3479 2193 3542 Joviniani
2226 3480 2502 3562 proferre
2535 3478 2912 3561 priusquam

665 3605 765 3649 eas
837 3585 1197 3669 impugnet,
1267 3584 1428 3650 hanc
1500 3588 1863 3669 parabolam
1935 3586 2192 3649 adhibet
2262 3585 2632 3669 (l.10.3):
2718 3607 2915 3665 „cum

664 3694 830 3756 enim
910 3692 1113 3756 adhuc
1190 3692 1290 3756 vix
1377 3695 1452 3757 de
1530 3695 1714 3775 portu
1802 3692 2086 3775 egrediar
2164 3694 2225 3756 et
2314 3694 2687 3756 rudentibus
2767 3694 2917 3757 vela

665 3799 1013 3880 sustollam,
1085 3800 1151 3863 in
1224 3801 1507 3864 medium
1564 3820 1665 3864 me
1713 3802 2147 3883 quaestionum
2200 3801 2464 3883 pelagus
2514 3799 2766 3862 subitus
2815 3799 2915 3862 lo-

666 3905 901 3988 quendi
949 3907 1155 3970 aestus
1201 3907 1481 3991 abripuit
1504 3908 1571 3987 ¹).
1658 3907 1831 3971 Unde
1864 3906 2165 3970 cohibebo
2200 3926 2453 3971 cursum
2488 3907 2551 3970 et
2580 3906 2914 3990 paulisper

845 4084 884 4148 ¹)
922 4084 1252 4144 Quibuscum
1310 4102 1375 4136 ea
1432 4086 1696 4149 conserua,
1755 4102 1893 4152 quae
1954 4086 2007 4135 in
2066 4085 2278 4153 epilogo
2326 4083 2457 4136 dicit
2531 4084 2590 4152 (l.
2617 4084 2673 4134 11
2712 4099 2758 4134 c.
2788 4085 2912 4153 35):

664 4189 885 4238 merum
943 4174 1049 4225 iam
1109 4174 1382 4242 coepimus
1421 4179 1619 4225 terram
1667 4181 2011 4242 prospectare
2071 4174 2136 4225 de
2195 4174 2407 4241 pelago,
2447 4177 2659 4240 etpost
2695 4178 2912 4225 montes

664 4263 934 4331 gurgitum
994 4267 1047 4314 et
1103 4280 1381 4331 spumosos
1429 4265 1622 4316 fluctus
1661 4271 1713 4314 et
1755 4281 1944 4315 navem
1982 4265 2069 4314 vel
2110 4265 2162 4314 in
2203 4264 2432 4315 sublime
2472 4264 2780 4314 subrectam
2818 4263 2911 4314 vel

665 4352 719 4401 in
776 4353 886 4403 ima
939 4352 1292 4420 praecipitem
1350 4355 1614 4420 paulatim
1673 4354 1829 4405 fessis
1879 4359 1930 4405 et
1969 4353 2350 4422 languentibus
2388 4357 2572 4420 portus
2613 4352 2911 4419 aperitur.“

668 4441 750 4493 Cf.
787 4442 825 4493 1.
851 4442 878 4492 I
918 4458 963 4494 c.
990 4445 1076 4493 36.
