3096 5132
1566 431 2004 493 -52-

839 648 955 693 nec
1023 628 1114 692 sic
1185 647 1372 693 curvo
1421 626 1703 692 assidens
1773 627 1948 692 litori
2018 627 2201 692 anxia
2254 627 2460 692 filium
2531 628 2734 691 mater
2810 647 2910 692 ex-

662 735 925 817 spectat.

838 860 933 924 ep.
970 840 1074 922 3‚3
1149 839 1328 924 Syria
1398 840 1559 904 mihi
1630 840 1802 904 velut
1870 840 2219 905 fidissimus
2290 839 2595 922 naufrago
2673 841 2896 923 portus

662 948 955 1011 occurrit.

839 1072 935 1138 ep.
972 1054 1077 1134 3‚3
1125 1054 1567 1118 Innocentium
1621 1105 1634 1118 .
1687 1105 1700 1118 .
1754 1105 1767 1117 .
1818 1053 2184 1138 repentinus
2233 1052 2507 1118 febrium
2557 1055 2741 1118 ardor
2792 1054 2905 1118 ab·

662 1161 903 1225 straxit.

838 1287 934 1349 ep.
973 1269 1076 1348 7,ss
1118 1312 1135 1327 .
1189 1318 1202 1331 .
1243 1319 1256 1331 .
1307 1266 1525 1330 Ariani
1556 1266 1871 1349 quondam
1899 1267 2213 1350 dogmatis
2242 1266 2413 1329 virus
2439 1265 2761 1330 exclusum
2791 1269 2906 1330 est.

838 1393 933 1455 ep.
975 1376 1120 1454 10,2
1190 1373 1526 1437 memoriae
1596 1374 2001 1437 tenacitatem
2051 1423 2064 1435 .
2118 1425 2130 1438 .
2185 1424 2198 1436 .
2273 1372 2590 1455 antiquior
2656 1376 2910 1438 senecta

663 1479 972 1545 dissolvit.

838 1607 929 1670 ep.
973 1588 1118 1667 15‚3
1191 1606 1360 1651 nunc
1429 1587 1650 1670 igitur,
1723 1607 1833 1669 pro
1885 1586 2076 1666 dolor,
2151 1639 2163 1650 .
2220 1637 2231 1650 .
2286 1635 2300 1650 .
2351 1587 2670 1650 novellum
2722 1606 2757 1650 a
2807 1606 2909 1650 me

658 1693 914 1765 homine
960 1694 1239 1758 Romano
1287 1713 1509 1757 nomen
1562 1694 1855 1777 exigitur.

865 1896 926 1955 2.
978 1892 1160 1954 Pars
1209 1890 1641 1954 subiectiva
1688 1894 1856 1973 post
1908 1893 2214 1954 verbum
2261 1890 2511 1973 posita
2559 1892 2697 1954 est:

845 2055 938 2116 ep.
981 2035 1080 2113 1‚5
1154 2035 1233 2097 ad
1293 2053 1488 2097 unum
1538 2034 1859 2098 hominem
1905 2033 2088 2097 tuum
2138 2053 2328 2116 quam
2376 2034 2558 2116 plura
2605 2035 2755 2097 sunt
2803 2034 2907 2098 in-

662 2144 846 2205 venta
895 2139 1223 2224 supplicia.

836 2269 930 2331 ep.
972 2250 1072 2327 1,5
1123 2266 1235 2311 nec
1282 2247 1543 2330 papillis
1595 2247 1825 2311 dantur
1874 2247 2176 2311 indutiae.

835 2375 929 2437 ep.
974 2355 1081 2432 1‚8
1125 2374 1283 2436 quae
1331 2355 1424 2418 est
1472 2354 1596 2417 ista
1644 2354 1989 2418 securitas?

836 2482 930 2544 ep.
973 2464 1112 2540 1,11
1170 2514 1182 2526 .
1238 2513 1250 2526 .
1303 2513 1339 2541 .,
1393 2481 1466 2524 ne
1513 2480 1624 2543 pro
1674 2480 1740 2525 ea
1792 2461 2025 2543 periret
2070 2461 2377 2525 innoxius,

835 2589 930 2651 ep.
976 2572 1116 2649 1‚14
1166 2571 1305 2650 post
1353 2571 1530 2632 tanta
1581 2569 1885 2632 miracula
1934 2568 2138 2632 adhuc
2185 2570 2473 2632 saeviunt
2523 2569 2714 2650 leges,

836 2698 931 2759 ep.
969 2679 1069 2756 2‚1
1168 2695 1334 2738 nunc
1414 2677 1689 2739 vestrum
1769 2677 1883 2755 est,
1988 2678 2060 2737 ut
2138 2676 2525 2738 voluntatem
2605 2678 2913 2757 sequatur

657 2783 935 2848 effectus,

837 2910 930 2973 ep.
978 2893 1079 2969 352
1163 2888 1367 2971 prima
1445 2889 1757 2970 inopinati
1836 2888 2055 2971 gaudii
2140 2891 2215 2952 ab
2291 2889 2625 2952 Heliodoro
2705 2889 2912 2953 fratre

656 2997 816 3061 mihi
866 2998 959 3061 est
1006 2997 1302 3061 nuntiata
1348 2995 1638 3060 felicitas.
2235 2987 2236 2990 '

835 3123 929 3186 ep.
968 3106 1067 3184 9,1
1122 3123 1265 3167 cum
1314 3103 1645 3167 saturitate
1695 3101 1974 3166 succedit
2020 3102 2271 3166 oblivio,

835 3231 930 3295 ep.
974 3213 1112 3291 11,1
1164 3229 1334 3273 nunc
1381 3210 1581 3292 igitur
1627 3207 1882 3291 ingenio
1933 3209 2028 3271 est
2074 3209 2242 3272 victa
2287 3208 2638 3292 pauperies.

833 3336 928 3399 ep.
972 3319 1115 3396 14,ss
1166 3335 1309 3381 cum
1359 3365 1372 3379 .
1426 3366 1438 3379 .
1493 3366 1503 3378 .
1555 3315 1910 3379 laudaverit
1959 3316 2271 3380 dominus,

832 3444 927 3508 ep.
968 3423 1160 3501 14,lO
1209 3421 1484 3504 squalidi
1533 3421 1759 3504 capitis
1809 3422 2019 3485 horret
2067 3421 2310 3485 inculta
2358 3421 2678 3488 caesaries,

833 3549 928 3612 ep.
970 3530 1114 3610 15‚2
1187 3547 1571 3611 quamquam
1641 3528 1840 3610 igitur
1912 3527 2009 3591 tui
2079 3547 2180 3591 me
2227 3529 2458 3591 terreat
2507 3527 2910 3611 magnitudo,

662 3636 892 3700 invitat
938 3636 1150 3699 tamen
1202 3635 1581 3699 humanitas.

656 3815 716 3878 3.
775 3814 914 3877 Res
975 3813 1274 3878 obiecta
1342 3815 1510 3896 post
1580 3813 1885 3877 verbum
1956 3811 2210 3895 posita
2278 3815 2395 3877 est
2466 3814 2660 3896 (quod
2705 3814 2912 3882 etiam

656 3919 813 3983 alibi
864 3920 1114 3999 accidit,
1163 3921 1270 3984 sed
1319 3939 1442 3983 non
1489 3923 1622 3983 tam
1674 3922 1905 4001 saepe):

833 4064 926 4128 ep.
972 4043 1069 4124 1,3
1143 4046 1295 4108 dum
1364 4045 1431 4107 in
1480 4062 1666 4108 suum
1735 4044 2044 4108 mentitur
2115 4044 2512 4127 sanguinem,
2583 4045 2911 4108 accusavit

654 4150 952 4215 alienum.

833 4276 928 4340 ep.
970 4260 1114 4337 1‚10
1164 4258 1219 4321 si
1265 4256 1456 4322 vultis
1507 4275 1754 4322 servare
1804 4257 2187 4321 damnatam.

831 4383 926 4445 ep.
963 4364 1066 4443 3,5
1117 4381 1269 4444 quas
1317 4384 1536 4446 parare
1586 4364 1912 4427 arbitraris
1960 4362 2272 4427 insidias?

832 4490 925 4553 ep.
962 4469 1065 4550 3,5
1115 4470 1463 4535 minabitur
1508 4471 1794 4534 mortem.
