3096 5132
1153 398 1586 464 ...13-..0

245 594 504 665 interim
551 596 612 662 te
661 594 800 679 tibi,
871 593 939 663 id
987 597 1081 662 est
1127 594 1323 662 Paulo
1373 594 1507 662 seni
1555 596 1829 664 Paulum
1879 595 2207 682 seniorem,
2254 596 2321 664 in
2369 614 2489 683 quo

247 708 500 789 propter
570 705 985 790 simpliciores
1058 725 1336 789 quosque
1386 706 1674 792 multum
1722 706 1788 770 in
1839 707 2160 772 deiciendo
2210 727 2491 772 sermone

245 814 732 878 laboravimus“.
805 814 875 876 In
913 834 1006 895 ep.
1044 816 1148 892 84,
1177 814 1214 875 6
1257 815 1589 878 exclamat:
1646 834 1807 896 „non
1843 816 1937 878 est
1969 815 2156 880 huius
2188 816 2487 898 temporis

246 923 460 985 contra
547 922 775 1005 dogma
858 940 1221 1002 perversum
1301 921 1682 985 rhetoricum
1760 922 1991 986 iactare
2071 927 2485 989 sermonem“.

245 1027 576 1092 Praeterea
620 1027 733 1091 hos
784 1027 1016 1112 eligam
1064 1027 1268 1094 locos:

425 1155 518 1217 ep.
557 1138 699 1217 521
761 1134 866 1216 „in
914 1135 1027 1199 illo
1077 1154 1255 1218 opere
1304 1134 1368 1216 (i.
1407 1155 1457 1198 e.
1495 1154 1590 1218 ep.
1631 1135 1739 1217 14)
1787 1155 1897 1217 pro
1946 1137 2145 1200 aetate
2186 1137 2337 1201 tunc
2382 1137 2485 1201 lu-

246 1243 442 1307 simus
516 1244 576 1306 et
632 1242 981 1307 calentibus
1042 1243 1248 1306 adhuc
1296 1243 1617 1306 rhetorum
1667 1242 1896 1307 studiis
1949 1244 2134 1327 atque
2185 1244 2487 1310 doctrinis

247 1351 552 1434 quaedam
601 1348 971 1415 scholastico
1018 1350 1166 1414 flore
1216 1348 1629 1432 depinximus,
1710 1349 1894 1414 Nunc
1938 1350 2065 1414 iam
2099 1370 2249 1415 cano
2284 1352 2487 1434 capite

247 1459 308 1522 et
357 1459 528 1522 arata
576 1458 752 1541 rugis
800 1458 1003 1522 fronte
1053 1458 1115 1521 et
1161 1458 1239 1521 ad
1287 1457 1488 1520 instar
1533 1457 1725 1521 boum
1756 1456 2177 1539 pendentibus
2211 1478 2247 1522 a
2278 1459 2524 1523 mento*

243 1563 600 1647 palearibus
638 1564 930 1648 ‘frigidus
965 1563 1219 1628 obsistit
1251 1564 1487 1628 circum
1519 1564 1882 1647 praecordia
1914 1565 2236 1648 sanguis’“
2272 1567 2484 1651 (Verg.

246 1691 455 1757 georg.
489 1672 552 1736 Π
588 1674 770 1755 484);

424 1800 520 1866 ep,
557 1782 703 1861 52,4
758 1799 877 1861 „ne
924 1799 960 1844 a
1006 1799 1107 1843 me
1156 1799 1416 1863 quaeras

936 1887 1210 1971 pueriles
1259 1887 1765 1967 declamationeS,

940 1994 1393 2098 sententiarum
1442 1994 1753 2075 floscu108,

939 2103 1273 2167 verborum
1319 2102 1632 2167 lenocinia

245 2212 307 2275 et
352 2230 462 2295 per
508 2211 661 2275 fines
710 2210 1134 2294 capitulorum
1184 2209 1580 2293 singulorum
1615 2209 1798 2273 acuta
1841 2208 2149 2291 quaedam
2180 2209 2486 2274 breviter-

246 2338 365 2403 que
413 2317 726 2400 conclusa,
776 2338 934 2402 quae
975 2319 1237 2401 plausus
1288 2317 1351 2382 et
1399 2318 1701 2382 clamores
1751 2315 2024 2381 excitent
2071 2315 2484 2381 audientium.

249 2427 652 2510 Amplexetur
698 2446 799 2491 me
845 2427 1028 2490 modo
1078 2425 1464 2511 sapientia“;

424 2552 516 2617 ep.
557 2535 699 2616 81,1
744 2534 1063 2617 „poteram
1097 2534 1158 2599 et
1192 2553 1324 2618 ege,
1363 2533 1471 2617 qui
1504 2531 1869 2616 saepissime
1902 2530 2204 2615 figuratas
2240 2531 2483 2596 contro-

244 2642 478 2707 versias
527 2641 893 2721 declamavi,
953 2640 1196 2725 aliquid
1245 2643 1320 2705 de
1369 2642 1576 2705 vetere
1625 2639 1893 2705 artificio
1941 2640 2221 2721 repetere
2271 2641 2331 2703 et
2377 2641 2483 2703 tuo

244 2751 306 2813 te
351 2769 520 2813 more
567 2749 842 2815 laudare.
939 2746 1053 2813 Sed
1108 2748 1274 2812 absit
1320 2768 1355 2811 a
1402 2767 1521 2829 me,
1575 2749 1643 2811 ut
1686 2748 1851 2829 quod
1883 2747 2266 2831 reprehendo
2301 2746 2481 2829 inte,

244 2856 519 2921 imiter“.
