3096 5132
779 1549 873 1661 C.
951 1548 1455 1666 Quomodo
1532 1549 2212 1686 Hieronymus
2287 1552 2443 1661 his
2520 1586 2820 1663 oxor-

672 1729 1245 1839 nationibus
1320 1732 1426 1837 in
1481 1730 1906 1839 diversis
1960 1728 2452 1839 scribendi
2507 1736 2917 1864 generi-

1418 1907 1602 2016 bus
1677 1940 1923 2016 usus
2000 1910 2154 2016 sit.

852 2137 939 2200 Ea
988 2156 1145 2219 quae
1192 2136 1485 2200 Norden
1537 2136 2018 2218 „Kunstprosa“
2065 2157 2124 2219 p.
2163 2139 2287 2201 947
2342 2138 2417 2201 de
2466 2137 2749 2201 clausula
2802 2140 2914 2202 ob-

671 2245 969 2307 servavit:
1029 2242 1483 2325 Hieronymum
1533 2263 1604 2306 ea
1651 2244 1716 2306 in
1767 2262 2048 2307 sermone
2101 2243 2357 2307 elatiore
2406 2263 2591 2307 usum
2639 2262 2796 2325 esse,
2850 2245 2912 2308 in

674 2369 954 2414 sermone
1025 2350 1258 2413 humili
1331 2369 1464 2413 eam
1537 2350 1904 2432 neglexisse,
1966 2350 2041 2414 de
2090 2351 2381 2414 omnibus
2432 2351 2912 2415 exornationum

672 2457 1007 2537 generibus
1097 2456 1223 2520 dici
1313 2458 1595 2538 possunt.
1735 2456 1873 2519 Non
1953 2457 2120 2521 enim
2199 2456 2617 2540 Hieronymus
2696 2476 2916 2522 omnes

673 2564 978 2647 epistulas
1031 2565 1263 2646 pariter
1311 2562 1650 2643 exornavit,
1702 2564 1808 2627 sed
1858 2563 1923 2626 in
1959 2562 2221 2626 diversis
2258 2563 2549 2646 epistulis
2585 2563 2916 2629 diversum

672 2671 1039 2735 elocutionis
1090 2691 1285 2754 genus
1335 2667 1586 2736 secutus
1636 2680 1746 2734 est.
1843 2671 2157 2734 Incultam
2207 2671 2552 2734 orationem
2584 2672 2913 2753 imprimis

669 2780 807 2841 tum
857 2777 1133 2856 adhibet,
1184 2798 1326 2841 cum
1377 2778 1452 2840 de
1501 2777 1833 2859 scripturis
1882 2777 2074 2841 sacris
2125 2778 2435 2859 disputat3
2497 2778 2707 2841 tamen
2746 2798 2910 2841 non-

672 2884 878 2948 nullos
952 2886 1136 2964 locos,
1210 2885 1614 2967 potissimum
1664 2884 1866 2966 prima
1916 2885 2224 2968 epistulae
2271 2885 2479 2965 verba,
2558 2885 2800 2948 variare
2854 2886 2919 2949 et
3043 2953 3046 2962 ,

673 2991 1063 3074 distinguere
1141 2990 1475 3056 adamavit.
1598 2991 1802 3055 Multo
1870 2991 2161 3072 pluribus
2235 2981 2486 3054 dicendi
2557 2990 2915 3055 luminibus

669 3098 821 3162 illae
878 3099 1211 3181 splendent
1259 3099 1591 3180 epistulae,
1666 3098 1894 3180 quibus
1944 3097 2100 3161 alios
2149 3100 2259 3161 aut
2307 3099 2589 3162 adoritur
2636 3098 2747 3162 aut
2796 3098 2915 3161 ad-

669 3203 957 3268 hortatur
1031 3203 1404 3287 vivendique
1452 3205 1782 3285 praecepta
1839 3205 1975 3282 dat3
2051 3206 2239 3285 atque
2289 3203 2479 3268 etiam
2526 3203 2730 3286 magis
2781 3204 2921 3286 epi-

672 3310 891 3393 taphia
939 3310 1270 3374 excellunt.

851 3414 1057 3494 Quam
1105 3417 1413 3480 diversam
1463 3416 1767 3479 rationem
1816 3417 2120 3479 sermonis
2169 3416 2507 3479 exornandi
2549 3435 2672 3479 non
2707 3416 2922 3479 solum

673 3524 739 3587 in
789 3522 1100 3605 epistuliS,
1150 3524 1257 3586 sed
1307 3524 1494 3587 etiam
1546 3521 1611 3584 in
1664 3522 1881 3586 ceteris
1932 3523 2221 3605 operibus
2278 3523 2713 3602 observamu83
2796 3541 2925 3604 qua

674 3630 750 3693 de
821 3649 887 3694 re
958 3649 1155 3712 pauca
1225 3630 1452 3694 addere
1499 3629 1660 3693 mihi
1709 3648 1829 3694 non
1890 3630 2119 3693 inutile
2167 3629 2436 3693 videtur.
2529 3628 2623 3692 Ne
2668 3629 2925 3712 longior

674 3738 815 3817 sim,
866 3736 1130 3818 eligam:

682 3866 734 3924 1.
805 3883 864 3926 a.
918 3881 1141 3925 comm.
1190 3862 1255 3926 in
1307 3860 1462 3925 Osee
1513 3861 1756 3945 (Migne
1802 3862 1952 3925 tom.
2005 3864 2086 3924 25
2138 3883 2200 3945 p.
2237 3860 2635 3939 815—946),

809 3968 860 4030 b.
913 3987 1137 4032 comm.
1188 3968 1253 4031 in
1300 3968 1543 4032 Joelem
1592 3968 1765 4048 (tom.
1819 3969 1899 4029 25
1951 3987 2012 4049 p.
2049 3968 2458 4047 947—988);

675 4078 736 4138 2.
806 4098 862 4143 a.
914 4076 1110 4139 vitam
1158 4074 1348 4139 Pauli
1394 4076 1570 4155 (tom.
1624 4076 1706 4139 23
1759 4095 1819 4156 p.
1864 4074 2167 4154 17-28),

809 4181 861 4244 b.
912 4182 1108 4245 vitam
1155 4180 1502 4245 Hilarionis
1552 4182 1728 4261 (tom.
1779 4182 1862 4245 23
1910 4200 1971 4262 p.
2010 4180 2325 4260 29-53),

806 4309 856 4351 c.
906 4287 1103 4351 vitam
1150 4286 1388 4351 Malchi
1437 4291 1610 4366 (tom.
1663 4288 1745 4351 23
1796 4307 1855 4368 p.
1894 4285 2203 4367 53—66.)

675 4395 734 4459 3.
808 4393 1000 4457 libros
1055 4393 1199 4459 adV.
1246 4394 1450 4457 Jovin.
1503 4394 1675 4473 (tom.
1731 4393 1812 4456 23
1861 4412 1921 4475 p.
1962 4393 2360 4472 211—338).
