3096 5132
1567 405 1996 479 uffo„-

837 609 1083 695 Species
1119 612 1425 696 quaedam
1460 612 1992 678 annominationis
2020 613 2114 677 est
2139 633 2208 677 ea
2232 613 2459 696 figura,
2498 632 2654 697 quae
2678 613 2907 694 oritur,

657 719 711 783 si
743 739 869 784 una
901 720 1242 805 eademque
1277 741 1389 784 vox
1424 720 1668 784 diversa
1698 720 2038 804 significat.
2105 721 2155 784 A
2188 719 2441 785 Graecis
2472 721 2906 804 ἀντανάκλασις,

658 847 694 890 a
761 827 1058 892 Romanis
1131 827 1503 912 ambiguum
1575 829 1932 893 vocabatur.
2039 827 2497 911 Hieronymum
2570 848 2705 892 eam
2776 849 2906 894 non

655 935 968 1019 respuisse
1016 935 1314 1019 exemplis
1363 935 1720 1000 confirmari
1765 936 2000 1018 potest:

835 1079 927 1143 ep.
971 1063 1064 1141 l,l
1124 1079 1364 1143 „neque
1410 1079 1591 1144 posse
1640 1080 1784 1124 eum
1828 1059 2009 1126 verba
2043 1061 2335 1141 deficere,
2389 1047 2498 1144 qhi
2531 1060 2911 1125 credidisset

656 1167 720 1231 in
785 1167 1108 1234 Verbum.“

835 1295 928 1358 ep.
972 1275 1115 1355 lO‚3
1192 1275 1522 1357 „misimus
1595 1276 1851 1340 interim
1921 1287 1974 1339 te
2043 1275 2176 1357 tibi,
2248 1274 2313 1339 id
2374 1278 2466 1339 est
2517 1275 2710 1339 Paulo
2764 1277 2903 1340 seni

656 1381 928 1447 Paulum
976 1382 1352 1467 seniorem;“
1423 1382 1654 1465 (mittit
1701 1384 1868 1448 enim
1914 1383 2110 1448 Paulo
2145 1382 2524 1447 Concordiae
2571 1382 2898 1448 habitanti

658 1490 853 1556 vitam
900 1491 1087 1556 Pauli
1136 1491 1453 1572 eremitae,
1505 1510 1695 1575 quam
1746 1491 2207 1574 descripserat).

836 1617 928 1680 ep.
972 1600 1115 1680 14‚9
1171 1618 1332 1681 „non
1381 1617 1596 1663 omnes
1646 1599 1909 1683 episcopi
1954 1598 2218 1681 episcopi
2265 1599 2475 1662 sunt.“

836 1725 929 1788 ep.
967 1707 1159 1788 2·2‚19
1233 1706 1584 1788 „consuant
1629 1708 1889 1787 tunicata,
1961 1705 2069 1788 qui
2117 1705 2512 1770 inconsutam
2563 1707 2900 1771 desursum

657 1814 936 1876 tunicam
980 1813 1458 1897 perdiderunt.“

837 1940 931 2003 ep.
969 1922 1119 2003 55,4
1190 1941 1347 2002 „nec
1405 1922 1503 1985 cst
1546 1919 1896 1985 medicinae
1944 1921 2148 2004 culpa,
2223 1919 2330 1985 sed
2381 1920 2681 2002 vulneris,
2755 1939 2905 1986 cum

659 2028 953 2092 clementi
1001 2028 1374 2093 crudelitate
1422 2048 1545 2093 non
1586 2030 1795 2112 parcit
1840 2027 2143 2108 medicus,
2191 2029 2266 2092 ut
2306 2031 2594 2108 parcatf‘

830 2155 925 2220 ep.
968 2136 1202 2213 107,13
1237 2136 1366 2216 „sit
1397 2136 1464 2199 in
1497 2157 1678 2198 carne
1710 2135 2107 2215 sinecarne“;
2174 2135 2255 2199 cf.
2291 2154 2431 2219 epp.
2470 2138 2653 2217 54‚9;
2714 2137 2894 2218 84‚9.

661 2242 752 2307 Cf.
804 2263 898 2327 ep.
939 2243 1174 2326 130,10
1223 2244 1333 2326 „in
1380 2263 1627 2329 corpore
1674 2243 1881 2308 vivere
1930 2243 2063 2308 sine
2110 2245 2421 2328 corporef‘

1400 2532 1458 2601 d.
1508 2533 1613 2598 De
1662 2531 2171 2602 traductione.

836 2697 1231 2780 Ambiguum
1301 2696 1716 2762 traductionis
1791 2694 2192 2760 simillimum
2265 2697 2359 2759 est
2429 2713 2629 2777 neque
2702 2695 2779 2758 ab
2828 2714 2908 2758 ea

661 2823 904 2889 semper
976 2807 1139 2870 certe
1188 2805 1457 2870 discerni
1506 2804 1742 2888 potest3
1817 2803 1960 2868 aliis
2030 2802 2185 2867 locis
2235 2802 2608 2886 ambiguum
2659 2803 2720 2865 et
2769 2804 2902 2866 tra-

662 2912 872 2977 ductio
943 2913 1109 2978 inter
1179 2933 1242 2977 se
1298 2913 1729 2996 implicantur.
1821 2911 2244 2994 Hieronymus
2305 2928 2690 2993 quamquam
2738 2908 2908 2972 hanc

660 3020 931 3103 figuram
1003 3021 1249 3104 saepius
1299 3019 1613 3101 adhibuit,
1664 3017 1761 3105 {ut
1805 3018 2032 3084 melius
2080 3017 2555 3100 intellegeretur
2604 3017 2709 3099 (cf.
2760 3036 2903 3099 epp.

661 3129 841 3210 34‚3;
938 3129 1143 3209 55,5):
1237 3130 1449 3193 tamen
1498 3146 1571 3191 ea
1616 3126 1788 3190 haud
1841 3145 1981 3190 raro
2029 3125 2219 3190 etiam
2269 3125 2348 3189 ad
2397 3143 2750 3191 sermonem
2798 3143 2902 3188 or-

662 3237 940 3300 nandum
986 3255 1138 3323 usus
1187 3236 1299 3317 est,
1348 3236 1551 3299 velut:

838 3363 930 3426 ep.
975 3344 1113 3423 12,1
1193 3348 1307 3425 „ut
1375 3344 1437 3406 et
1485 3341 1860 3426 diligentem
1906 3342 1975 3405 te
2026 3341 2260 3424 diligas
2311 3342 2373 3404 et
2420 3359 2713 3404 conservo
2763 3358 2895 3403 ser-

660 3470 908 3516 monem
957 3470 1287 3515 conservus
1335 3450 1728 3532 impeltiaS.“

840 3578 936 3643 ep.
973 3560 1116 3640 21,1
1174 3557 1458 3639 (initium
1505 3556 1812 3640 epistulae
1860 3557 1939 3620 ad
1970 3556 2316 3620 Damasum
2349 3556 2634 3638 papam):
2712 3555 2905 3635 „bea-

659 3666 956 3731 titudinis
1026 3667 1172 3730 tuae
1228 3664 1635 3746 interrogatio
1684 3663 2027 3746 disputatio
2075 3663 2229 3728 fuit:
2339 3664 2401 3726 et
2449 3662 2537 3725 sic
2586 3660 2908 3743 quaesisse

663 3772 1014 3856 quaerendo
1048 3773 1216 3836 viam
1249 3773 1344 3836 est
1377 3771 1622 3835 dedisse
1657 3770 1981 3855 quaesitiS.
2056 3770 2390 3855 Sapienter
2439 3768 2674 3852 quippe
2707 3767 2904 3833 inter—

658 3880 908 3963 roganti
957 3879 1265 3963 sapientia
1311 3878 1781 3961 reputabitur.“

839 4007 930 4070 ep.
969 3988 1116 4069 66‚5
1167 4036 1206 4067 „
1257 3989 1318 4050 et
1364 4005 1443 4049 ne
1490 3985 1607 4049 hoc
1655 3985 1911 4068 quidem
1956 3986 2193 4050 habens
2244 3985 2414 4050 unde
2445 3986 2643 4067 roget,
2694 3982 2904 4065 magis

658 4096 859 4178 rogat,
911 4093 1061 4159 dum
1108 4114 1327 4178 rogare
1373 4112 1496 4157 non
1544 4094 1818 4176 potest.“

839 4221 932 4285 ep.
971 4204 1114 4283 81,1
1193 4200 1348 4282 „sed
1418 4199 1574 4283 quid
1650 4219 1983 4284 possumus
2056 4201 2281 4281 facere,
2361 4200 2415 4263 si
2472 4198 2909 4281 unusquisque

661 4309 824 4374 iuste
871 4310 1054 4393 putat
1101 4328 1165 4372 se
1213 4308 1433 4389 facere,
1505 4308 1673 4393 quod
1728 4307 1899 4388 facit,
1973 4307 2034 4370 et
2080 4306 2334 4371 videtur
2381 4306 2505 4370 sibi
2552 4305 2909 4371 remordere

658 4417 868 4501 potius
919 4435 1108 4502 quam
1155 4415 1528 4481 mordere?“
