3096 5132
1063 406 1500 468 -69-

1162 603 1204 665 2
1240 603 1302 665 -i-
1338 603 1412 666 3:

495 747 543 790 e.
597 730 666 792 4:
712 731 888 894 {non
941 726 1105 788 enim
1157 727 1233 788 ad
1275 727 1718 807 pugnandum,

765 832 871 895 sed
1152 832 1228 894 ad
1269 833 1574 914 praedam
1624 836 1947 896 venerant:

924 940 944 1041 f
1085 939 1384 1020 rapimur,

1082 1044 1525 1127 dispergimur,

914 1043 1037 1254 iin
1087 1151 1341 1214 diversa
1387 1152 1719 1216 trahimur.

935 1346 990 1431 β)
1040 1348 1122 1409 In
1171 1348 1330 1410 vita
1378 1348 1628 1411 Pauli:

163 1475 302 1538 2a:
364 1492 413 1535 e.
474 1478 538 1536 1:-
601 1492 863 1555 quorum

351 1582 410 1642 et
458 1580 630 1642 Elias
679 1581 821 1661 plus
873 1579 1049 1642 nobis
1099 1579 1351 1643 videtur
1398 1580 1590 1643 fuisse
1638 1600 1824 1662 quam
1875 1580 2237 1660 monachuS,

354 1688 415 1749 et
463 1687 734 1749 Joannes
784 1690 926 1749 ante
975 1687 1344 1768 prophetare
1395 1690 1665 1769 coepisse
1711 1706 1899 1768 quam
1948 1688 2131 1750 natus
2179 1687 2282 1751 sit.

164 1796 304 1859 3a:
366 1814 415 1857 o.
473 1794 581 1857 13:
638 1791 778 1856 ‘vidi
827 1793 1050 1873 Eliam,

644 1900 777 1961 vidi
824 1900 1131 1962 Joannem
1183 1901 1246 1962 in
1299 1902 1540 1964 deserto

354 2008 414 2069 et
446 2026 583 2069 vere
630 2006 761 2068 vidi
808 2005 1079 2069 Paulum
1129 2006 1192 2069 in
1235 2007 1553 2090 paradiso,

355 2133 404 2177 c,
449 2115 556 2175 15:
624 2111 785 2175 vidit
833 2116 941 2191 (se.
994 2112 1266 2176 Paulum
1318 2115 1666 2193 mortuum)

624 2218 909 2300 genubus
957 2219 1367 2300 complicatiS,

621 2327 820 2388 erecta
867 2328 1099 2389 cervice

626 2433 1015 2514 extensisque
1064 2432 1128 2495 in
1180 2432 1377 2495 altum
1426 2433 1742 2495 manibus

355 2557 406 2601 e.
449 2541 556 2601 17:
623 2538 778 2601 libet
827 2536 891 2601 in
941 2538 1063 2602 fine
1112 2539 1399 2621 opusculi
1451 2557 1551 2602 eos
1600 2539 2003 2622 interrogare,

357 2647 465 2726 qui
513 2665 623 2708 sua
659 2644 1045 2724 patrimonia
1094 2647 1408 2727 ignorant,

361 2751 467 2833 qui
517 2752 729 2814 domos
778 2751 1197 2814 marmoribus
1245 2751 1543 2832 vestiunt,

359 2858 467 2940 qui
516 2878 637 2921 uno
686 2857 790 2920 filo
840 2857 1130 2920 villarum
1184 2860 1449 2921 insuunt
1482 2858 1777 2937 praedia:

648 2965 796 3026 huic
846 2963 977 3026 seni
1030 2964 1195 3026 nudo
1246 2964 1396 3045 quid
1448 2984 1728 3046 unquam
1779 2964 2021 3029 defuit?

845 3162 909 3243 γ)
957 3159 1038 3222 In
1087 3160 1251 3223 vita
1303 3160 1766 3225 Hilarionis:

179 3290 317 3353 38:
378 3307 427 3349 e.
465 3287 578 3349 23:
642 3285 974 3366 sanguinei
1024 3286 1201 3348 erant
1247 3286 1429 3364 oculi,

634 3395 969 3474 spumabat
1017 3413 1102 3471 OS,

634 3498 931 3562 volubilis
983 3498 1205 3580 lingua
1251 3500 1568 3581 turgebat.

1181 3661 1432 3725 3-1-3:

363 3804 411 3848 e.
456 3788 563 3846 17:
630 3784 732 3846 hie
781 3784 1039 3846 affectus
1089 3783 1359 3864 pessimo
1410 3785 1729 3864 daemone,

716 3911 831 3952 non
884 3893 1150 3967 catenaS,

658 3895 685 4099 g
713 4016 832 4059 non
881 3997 1224 4078 compedeS,

669 4102 833 4205 [non
886 4104 1156 4166 claustra
1206 4103 1505 4167 ostiorum
1559 4105 1807 4186 integra
1855 4105 2237 4186 patiebatur:

502 4211 848 4272 multorum
896 4229 1115 4273 nasum
1168 4211 1227 4273 et
1275 4230 1453 4274 aures
1503 4211 1818 4274 morsibus
1870 4212 2318 4293 amputaverat,

447 4215 735 4525 {horum
782 4318 988 4397 pedeS,

510 4423 766 4486 illorum
815 4442 994 4487 crura
1041 4424 1328 4505 fregerat.
