3096 5132
1529 399 1968 481 “QG-⁴

1172 606 1499 698 Epistulae
1546 614 1821 678 brevitas
1868 612 2187 697 compellit
2227 612 2449 693 tacere,

1174 721 1558 787 desiderium
1605 721 1798 785 vestri
1844 720 2011 804 cogit
2055 720 2260 803 loqui3

1175 883 1626 948 praeproperus
1675 882 1896 944 serm0,

1176 972 1434 1037 confusa
1481 972 1776 1036 turbatur
1822 969 2040 1052 orati0,

1173 1098 1347 1143 amor
1394 1078 1678 1143 ordinem
1725 1077 1991 1142 nescit.“

821 1187 1008 1251 Haud
1054 1205 1192 1250 raro
1242 1186 1295 1249 is
1345 1185 1454 1267 qui
1501 1185 1867 1268 interrogat,
1917 1183 2051 1267 ipse
2100 1183 2223 1248 sibi
2270 1185 2623 1267 respondet,
2674 1187 2784 1250 cf.:

818 1315 913 1377 ep.
955 1296 1094 1375 16,1
1174 1312 1516 1376 „quorsum
1587 1292 1709 1356 ista
1779 1293 1910 1354 tam
1966 1291 2155 1376 longo
2212 1291 2480 1375 repetita
2528 1293 2891 1376 principio?

638 1402 954 1466 Videlicet
999 1402 1071 1465 ut
1118 1419 1383 1482 parvum
1430 1418 1700 1483 magnus
1758 1398 2053 1482 aspicias3
2118 1399 2191 1463 ut
2239 1400 2413 1464 dives
2461 1400 2672 1482 pastor
2717 1420 2893 1466 mor-

640 1510 855 1574 bidam
904 1528 1025 1573 non
1074 1509 1434 1573 contemnas
1483 1508 1735 1587 ovem;“

820 1636 912 1699 ep.
951 1617 1101 1697 84,-2
1176 1614 1373 1697 „quid
1444 1614 1538 1678 ibi
1611 1614 1687 1677 de
1756 1613 2160 1697 dogmatibus
2234 1615 2531 1679 ecclesiae
2609 1615 2894 1680 dicitur?

643 1723 813 1801 Quid
887 1724 962 1786 de
1032 1724 1208 1806 patre
1281 1724 1343 1786 et
1411 1721 1544 1786 filio
1596 1722 1657 1785 et
1714 1720 1943 1803 spiritu
1991 1720 2245 1786 sancto?
2341 1722 2508 1802 Quid
2557 1722 2633 1786 de
2681 1724 2894 1788 carnis

643 1830 1138 1896 resurrectione?
1257 1829 1425 1909 Quid
1497 1830 1572 1893 de
1650 1827 1897 1892 animae
1976 1830 2145 1892 statu
2222 1830 2410 1911 atque
2487 1831 2891 1895 substantia?

645 1939 925 2020 Simplex
994 1936 1430 2021 interpretatio
1502 1938 1694 2018 atque
1766 1924 2051 1999 doctrina
2110 1934 2391 2018 simplici
2438 1955 2584 2000 voce
2631 1936 2894 2002 laudata

647 2046 760 2109 est.
854 2044 1034 2108 Nihil
1091 2044 1183 2107 ibi
1233 2045 1307 2108 de
1357 2044 1499 2124 fide,
1577 2041 1741 2106 nihil
1792 2041 1867 2105 de
1917 2042 2321 2125 dogmatibus
2369 2042 2891 2126 comprehensum

648 2154 759 2216 est.
855 2151 1115 2216 Moralis
1164 2152 1412 2215 tantum
1461 2150 1769 2214 tractatur
1816 2149 2063 2229 locus;“

824 2260 902 2323 cf.
954 2258 1144 2323 etiam
1193 2277 1288 2342 ep.
1327 2259 1476 2338 82‚3
1505 2308 1543 2339 „
1574 2257 1715 2340 quis
1742 2275 1841 2319 eos
1872 2254 2196 2338 compellit
2222 2254 2426 2320 exire?
2454 2255 2682 2319 Nonne
2711 2279 2896 2321 amor

642 2366 775 2430 tui?
853 2364 1009 2443 Quis
1057 2385 1168 2448 per
1215 2384 1494 2429 eremum
1543 2364 1858 2447 separatos
1907 2363 1972 2427 in
2021 2381 2223 2427 unum
2255 2362 2467 2445 cogit?
2518 2361 2594 2426 N
2631 2385 2751 2426 nne
2774 2369 2894 2428 tua

643 2472 924 2536 dilectio?
1019 2474 1245 2537 Amare
1294 2471 1464 2536 enim
1511 2490 1737 2553 parens
1787 2470 2031 2542 debet,“

824 2580 1153 2645 Interdum
1224 2580 1424 2644 alium
1494 2577 1619 2642 sibi
1689 2578 2168 2661 respondentem
2241 2577 2414 2659 facit,
2495 2579 2575 2643 cf.
2648 2598 2743 2661 ep.
2780 2581 2887 2661 6‚1

649 2690 931 2772 (excusat
978 2707 1043 2752 se
1092 2689 1258 2769 apud
1304 2686 1655 2767 Julianum,
1734 2685 1899 2768 quod
1950 2704 2073 2748 non
2123 2684 2499 2769 scripserit):
2589 2686 2893 2767 „Dicamz

652 2816 834 2879 saepe
884 2795 1128 2876 scripsi,
1180 2795 1288 2859 sed
1336 2793 1746 2877 neglegentia
1795 2792 2154 2856 baiulorum
2203 2791 2367 2856 fnit?
2437 2792 2894 2875 Respondebis:

650 2903 933 2967 omnium
1003 2922 1123 2966 non
1196 2899 1610 2965 scribentium
1667 2901 1844 2964 vetus
1893 2900 2017 2964 ista
2065 2900 2378 2964 excusatio
2427 2901 2540 2965 est.
2633 2899 2894 2965 Dicam:

651 3029 773 3074 non
823 3009 1088 3092 repperi,
1141 3010 1248 3091 qui
1283 3008 1588 3092 epistulas
1629 3006 1856 3071 ferret?
1943 3006 2124 3071 Dices
2158 3006 2307 3070 hinc
2340 3005 2506 3071 istuc
2539 3007 2662 3071 isse
2697 3026 2894 3091 quam

648 3117 974 3199 plurimos.
1072 3115 1458 3180 Contendam
1526 3134 1628 3178 me
1676 3115 1866 3179 etiam
1915 3113 2015 3178 his
2065 3113 2353 3179 dedisse?
2417 3116 2504 3178 At
2551 3113 2668 3196 illi,
2741 3116 2897 3197 quia

651 3245 773 3289 non
844 3224 1273 3302 reddiderunt,
1346 3223 1691 3305 negabunt,
1763 3223 1823 3286 et
1894 3221 2014 3285 erit
2082 3222 2246 3285 inter
2315 3221 2602 3286 absentes
2651 3222 2898 3287 incerta

646 3330 941 3416 cognitio,
1036 3330 1203 3410 Quid
1247 3330 1448 3413 igitur
1494 3328 1767 3396 faciam?
1818 3379 1831 3393 .
1885 3379 1898 3393 .
1951 3329 1986 3395 .‘

837 3437 940 3502 Sic
989 3438 1112 3502 iam
1164 3437 1434 3519 figuram
1480 3435 1755 3500 fictionis
1803 3455 2213 3519 personarum
2261 3435 2612 3519 attigimus,

1193 3618 1243 3665 e.
1293 3598 1399 3662 De
1448 3597 1772 3662 fictione
1819 3615 2339 3681 personarum.

823 3725 1169 3789 Fictionem
1227 3743 1634 3809 personarum
1683 3724 2104 3806 Hieronymus
2154 3742 2275 3786 non
2339 3724 2595 3807 sprevit,
2667 3723 2894 3788 liceat-

650 3852 769 3915 que
817 3831 975 3896 mihi
1025 3850 1225 3895 unum
1271 3831 1371 3895 vel
1420 3832 1688 3895 alterum
1737 3830 2011 3913 proferre
2057 3829 2289 3908 locum,
2340 3850 2722 3914 quamquam
2772 3831 2892 3895 du-

648 3939 838 4003 bitari
886 3939 1110 4021 potest,
1159 3957 1237 4002 an
1285 3937 1508 4022 figuris
1560 3937 2014 4002 sententiarum
2064 3936 2469 4002 attribuenda
2517 3938 2627 4001 sit:

835 4065 929 4128 ep.
974 4047 1116 4126 14,3
1168 4064 1376 4127 „nunc
1423 4044 1548 4109 tibi
1593 4043 1846 4109 blandis
1894 4043 2085 4108 vidua
2133 4063 2302 4108 soror
2351 4043 2566 4112 haeret
2612 4044 2890 4125 lacertis3

652 4172 818 4217 nunc
879 4151 979 4216 illi
1027 4171 1171 4216 cum
1221 4151 1449 4234 quibus
1498 4150 1849 4232 adolevisti,
1922 4150 2250 4215 verna-culi
2308 4151 2518 4217 aiunt:
2612 4150 2729 4215 Cui
2778 4171 2891 4216 nos

651 4260 989 4324 servituros
1038 4257 1387 4341 relinquis?
1480 4258 1666 4322 Nunc
1715 4259 1776 4322 et
1824 4260 2044 4340 gerula
2092 4259 2407 4342 quondam
2454 4257 2584 4322 iam
2637 4278 2793 4322 anus
2828 4260 2895 4321 et

652 4367 984 4445 nutriciuS,
1037 4366 1346 4430 secundus
1394 4367 1535 4448 post
1583 4366 1937 4429 naturalem
1985 4364 2284 4449 pietatem
2328 4367 2522 4447 pater,
2574 4365 2891 4432 clamitat:

651 4474 990 4539 Morituros
1040 4475 1322 4557 exspecta
1370 4474 1693 4557 paulisper
1741 4475 1802 4537 et
1850 4472 2107 4557 sepeli.“
