<?xml version="1.0" encoding="UTF-8"?>
<!DOCTYPE html PUBLIC "-//W3C//DTD XHTML 1.0 Transitional//EN"
    "http://www.w3.org/TR/xhtml1/DTD/xhtml1-transitional.dtd">
<html xmlns="http://www.w3.org/1999/xhtml" xml:lang="en" lang="en">
 <head>
  <title>
</title>
<meta http-equiv="Content-Type" content="text/html;charset=utf-8" />
  <meta name='ocr-system' content='tesseract 3.04.00' />
  <meta name='ocr-capabilities' content='ocr_page ocr_carea ocr_par ocr_line ocrx_word'/>
</head>
<body>
  <div class='ocr_page' id='page_1' title='image "./deoratoriogener00haregoog_0037.png"; bbox 0 0 3096 5132; ppageno 0'>
   <div class='ocr_carea' id='block_1_1' title="bbox 1104 394 1537 467">
    <p class='ocr_par' dir='ltr' id='par_1_1' title="bbox 1104 394 1537 467">
     <span class='ocr_line' id='line_1_1' title="bbox 1104 394 1537 467; baseline 0.002 -16"><span class='ocrx_word' id='word_1_1' title='bbox 1104 394 1537 467; x_wconf 38' lang='grc' dir='ltr'><strong>1Ιὶ1133111</strong></span> 
     </span>
    </p>
   </div>
   <div class='ocr_carea' id='block_1_2' title="bbox 109 593 2446 4336">
    <p class='ocr_par' dir='ltr' id='par_1_2' title="bbox 188 593 2444 1112">
     <span class='ocr_line' id='line_1_2' title="bbox 380 593 2441 686; baseline 0.003 -23"><span class='ocrx_word' id='word_1_2' title='bbox 380 595 451 663; x_wconf 83' lang='grc' dir='ltr'><strong>Ιη</strong></span> <span class='ocrx_word' id='word_1_3' title='bbox 503 618 596 682; x_wconf 85' lang='lat' dir='ltr'><strong>cp.</strong></span> <span class='ocrx_word' id='word_1_4' title='bbox 642 598 778 679; x_wconf 84' lang='lat'>15‚1</span> <span class='ocrx_word' id='word_1_5' title='bbox 836 594 1191 663; x_wconf 82' lang='lat' dir='ltr'><strong>occidentis·</strong></span> <span class='ocrx_word' id='word_1_6' title='bbox 1225 593 1412 664; x_wconf 88' lang='lat' dir='ltr'><strong>fidem</strong></span> <span class='ocrx_word' id='word_1_7' title='bbox 1450 597 1711 667; x_wconf 81' lang='lat' dir='ltr'><strong>orientis</strong></span> <span class='ocrx_word' id='word_1_8' title='bbox 1761 600 2088 686; x_wconf 78' lang='lat' dir='ltr'><strong>corruptae</strong></span> <span class='ocrx_word' id='word_1_9' title='bbox 2122 599 2441 669; x_wconf 86' lang='lat' dir='ltr'><strong>doctrinae</strong></span> 
     </span>
     <span class='ocr_line' id='line_1_3' title="bbox 188 705 2440 794; baseline 0.003 -24"><span class='ocrx_word' id='word_1_10' title='bbox 188 705 290 770; x_wconf 91' lang='lat' dir='ltr'><strong>ita</strong></span> <span class='ocrx_word' id='word_1_11' title='bbox 338 706 765 791; x_wconf 87' lang='lat' dir='ltr'><strong>contraponit:</strong></span> <span class='ocrx_word' id='word_1_12' title='bbox 852 708 989 788; x_wconf 80' lang='lat' dir='ltr'><strong>„(in</strong></span> <span class='ocrx_word' id='word_1_13' title='bbox 1022 707 1342 790; x_wconf 76' lang='lat' dir='ltr'><strong>occidente)</strong></span> <span class='ocrx_word' id='word_1_14' title='bbox 1391 708 1666 794; x_wconf 89' lang='lat' dir='ltr'><strong>caespite</strong></span> <span class='ocrx_word' id='word_1_15' title='bbox 1712 709 1879 774; x_wconf 89' lang='lat' dir='ltr'><strong>terra</strong></span> <span class='ocrx_word' id='word_1_16' title='bbox 1926 710 2191 776; x_wconf 88' lang='lat' dir='ltr'><strong>fecundo</strong></span> <span class='ocrx_word' id='word_1_17' title='bbox 2240 710 2440 776; x_wconf 88' lang='lat' dir='ltr'><strong>domi-</strong></span> 
     </span>
     <span class='ocr_line' id='line_1_4' title="bbox 188 811 2442 900; baseline 0.003 -24"><span class='ocrx_word' id='word_1_18' title='bbox 188 811 327 878; x_wconf 92' lang='lat' dir='ltr'><strong>nici</strong></span> <span class='ocrx_word' id='word_1_19' title='bbox 370 813 635 880; x_wconf 88' lang='lat' dir='ltr'><strong>seminis</strong></span> <span class='ocrx_word' id='word_1_20' title='bbox 694 813 1037 898; x_wconf 90' lang='lat' dir='ltr'><strong>puritatem</strong></span> <span class='ocrx_word' id='word_1_21' title='bbox 1108 816 1366 880; x_wconf 87' lang='lat' dir='ltr'><strong>centeno</strong></span> <span class='ocrx_word' id='word_1_22' title='bbox 1439 815 1649 881; x_wconf 88' lang='lat' dir='ltr'><strong>fructu</strong></span> <span class='ocrx_word' id='word_1_23' title='bbox 1718 818 1935 882; x_wconf 87' lang='lat' dir='ltr'><strong>refert:</strong></span> <span class='ocrx_word' id='word_1_24' title='bbox 2031 821 2126 900; x_wconf 79' lang='lat' dir='ltr'><strong>(in</strong></span> <span class='ocrx_word' id='word_1_25' title='bbox 2192 821 2442 900; x_wconf 58' lang='lat' dir='ltr'><strong>oriente)</strong></span> 
     </span>
     <span class='ocr_line' id='line_1_5' title="bbox 192 922 2439 1009; baseline 0.003 -24"><span class='ocrx_word' id='word_1_26' title='bbox 192 922 427 986; x_wconf 90' lang='lat' dir='ltr'><strong>obruta</strong></span> <span class='ocrx_word' id='word_1_27' title='bbox 473 922 666 987; x_wconf 90' lang='lat' dir='ltr'><strong>sulcis</strong></span> <span class='ocrx_word' id='word_1_28' title='bbox 729 923 1046 987; x_wconf 89' lang='lat' dir='ltr'><strong>frumenta</strong></span> <span class='ocrx_word' id='word_1_29' title='bbox 1124 923 1188 987; x_wconf 90' lang='lat' dir='ltr'><strong>in</strong></span> <span class='ocrx_word' id='word_1_30' title='bbox 1261 923 1486 988; x_wconf 91' lang='lat' dir='ltr'><strong>lolium</strong></span> <span class='ocrx_word' id='word_1_31' title='bbox 1566 943 1916 1009; x_wconf 75' lang='lat' dir='ltr'>avenasque</span> <span class='ocrx_word' id='word_1_32' title='bbox 1995 927 2439 1009; x_wconf 86' lang='lat' dir='ltr'><strong>degene1·ant.“</strong></span> 
     </span>
     <span class='ocr_line' id='line_1_6' title="bbox 195 1027 2444 1112; baseline 0.003 -21"><span class='ocrx_word' id='word_1_33' title='bbox 195 1027 323 1112; x_wconf 81' lang='lat' dir='ltr'><strong>„In</strong></span> <span class='ocrx_word' id='word_1_34' title='bbox 370 1031 671 1094; x_wconf 61' lang='lat' dir='ltr'><strong>occid-mie</strong></span> <span class='ocrx_word' id='word_1_35' title='bbox 717 1030 810 1094; x_wconf 90' lang='lat' dir='ltr'><strong>sol</strong></span> <span class='ocrx_word' id='word_1_36' title='bbox 858 1029 1141 1095; x_wconf 86' lang='lat' dir='ltr'><strong>iustitiae</strong></span> <span class='ocrx_word' id='word_1_37' title='bbox 1191 1030 1419 1096; x_wconf 86' lang='lat' dir='ltr'><strong>oritur:</strong></span> <span class='ocrx_word' id='word_1_38' title='bbox 1517 1035 1586 1095; x_wconf 77' lang='lat' dir='ltr'><strong>in</strong></span> <span class='ocrx_word' id='word_1_39' title='bbox 1642 1034 1866 1095; x_wconf 76' lang='lat' dir='ltr'><strong>oriente</strong></span> <span class='ocrx_word' id='word_1_40' title='bbox 1934 1036 2144 1098; x_wconf 88' lang='lat' dir='ltr'><strong>autem</strong></span> <span class='ocrx_word' id='word_1_41' title='bbox 2192 1034 2444 1099; x_wconf 85' lang='lat' dir='ltr'><strong>Lucifer</strong></span> 
     </span>
    </p>

    <p class='ocr_par' dir='ltr' id='par_1_3' title="bbox 190 1137 2445 1545">
     <span class='ocr_line' id='line_1_7' title="bbox 338 1137 2445 1223; baseline 0.001 -21"><span class='ocrx_word' id='word_1_42' title='bbox 338 1189 350 1202; x_wconf 92' lang='lat'><strong>.</strong></span> <span class='ocrx_word' id='word_1_43' title='bbox 403 1156 591 1220; x_wconf 89' lang='lat' dir='ltr'><strong>supra</strong></span> <span class='ocrx_word' id='word_1_44' title='bbox 641 1137 846 1201; x_wconf 89' lang='lat' dir='ltr'><strong>sidera</strong></span> <span class='ocrx_word' id='word_1_45' title='bbox 886 1139 1098 1221; x_wconf 81' lang='lat' dir='ltr'><strong>posuit</strong></span> <span class='ocrx_word' id='word_1_46' title='bbox 1139 1137 1434 1202; x_wconf 76' lang='lat' dir='ltr'><strong>thronum</strong></span> <span class='ocrx_word' id='word_1_47' title='bbox 1469 1140 1716 1204; x_wconf 91' lang='lat' dir='ltr'><strong>suum.“</strong></span> <span class='ocrx_word' id='word_1_48' title='bbox 1813 1138 1868 1202; x_wconf 89' lang='lat' dir='ltr'><strong>Ii</strong></span> <span class='ocrx_word' id='word_1_49' title='bbox 1911 1140 2120 1223; x_wconf 81' lang='lat' dir='ltr'><strong>quiin</strong></span> <span class='ocrx_word' id='word_1_50' title='bbox 2149 1142 2445 1206; x_wconf 74' lang='lat' dir='ltr'><strong>occi-dente</strong></span> 
     </span>
     <span class='ocr_line' id='line_1_8' title="bbox 190 1243 2445 1328; baseline 0.001 -19"><span class='ocrx_word' id='word_1_51' title='bbox 190 1243 507 1326; x_wconf 89' lang='lat' dir='ltr'><strong>habitant,</strong></span> <span class='ocrx_word' id='word_1_52' title='bbox 582 1245 733 1308; x_wconf 89' lang='lat' dir='ltr'><strong>sunt</strong></span> <span class='ocrx_word' id='word_1_53' title='bbox 783 1245 931 1326; x_wconf 89' lang='lat' dir='ltr'><strong>„lux</strong></span> <span class='ocrx_word' id='word_1_54' title='bbox 976 1244 1262 1326; x_wconf 86' lang='lat' dir='ltr'><strong>mundi,“</strong></span> <span class='ocrx_word' id='word_1_55' title='bbox 1342 1246 1477 1328; x_wconf 85' lang='lat' dir='ltr'><strong>„sal</strong></span> <span class='ocrx_word' id='word_1_56' title='bbox 1545 1246 1811 1328; x_wconf 86' lang='lat' dir='ltr'><strong>terrae,“</strong></span> <span class='ocrx_word' id='word_1_57' title='bbox 1886 1267 2115 1324; x_wconf 85' lang='lat' dir='ltr'><strong>„aurea</strong></span> <span class='ocrx_word' id='word_1_58' title='bbox 2184 1267 2335 1313; x_wconf 86' lang='lat' dir='ltr'><strong>vasa</strong></span> <span class='ocrx_word' id='word_1_59' title='bbox 2382 1249 2445 1312; x_wconf 89' lang='lat' dir='ltr'><strong>et</strong></span> 
     </span>
     <span class='ocr_line' id='line_1_9' title="bbox 191 1353 2443 1439; baseline 0.003 -25"><span class='ocrx_word' id='word_1_60' title='bbox 191 1353 565 1434; x_wconf 88' lang='lat' dir='ltr'><strong>argentea“:</strong></span> <span class='ocrx_word' id='word_1_61' title='bbox 676 1353 784 1434; x_wconf 87' lang='lat' dir='ltr'><strong>qui</strong></span> <span class='ocrx_word' id='word_1_62' title='bbox 853 1353 924 1416; x_wconf 81' lang='lat' dir='ltr'><strong>in</strong></span> <span class='ocrx_word' id='word_1_63' title='bbox 983 1354 1233 1433; x_wconf 77' lang='lat' dir='ltr'><strong>oriente,</strong></span> <span class='ocrx_word' id='word_1_64' title='bbox 1304 1353 1615 1435; x_wconf 87' lang='lat' dir='ltr'><strong>„testacea</strong></span> <span class='ocrx_word' id='word_1_65' title='bbox 1685 1373 1833 1419; x_wconf 88' lang='lat' dir='ltr'><strong>vasa</strong></span> <span class='ocrx_word' id='word_1_66' title='bbox 1903 1356 2001 1420; x_wconf 88' lang='lat' dir='ltr'><strong>vel</strong></span> <span class='ocrx_word' id='word_1_67' title='bbox 2073 1354 2325 1439; x_wconf 86' lang='lat' dir='ltr'><strong>lignea“</strong></span> <span class='ocrx_word' id='word_1_68' title='bbox 2380 1356 2443 1421; x_wconf 87' lang='lat' dir='ltr'><strong>et</strong></span> 
     </span>
     <span class='ocr_line' id='line_1_10' title="bbox 200 1458 2234 1545; baseline 0.002 -23"><span class='ocrx_word' id='word_1_69' title='bbox 200 1460 488 1542; x_wconf 87' lang='lat' dir='ltr'><strong>„virgam</strong></span> <span class='ocrx_word' id='word_1_70' title='bbox 536 1460 802 1525; x_wconf 87' lang='lat' dir='ltr'><strong>ferream</strong></span> <span class='ocrx_word' id='word_1_71' title='bbox 852 1462 914 1525; x_wconf 85' lang='lat' dir='ltr'><strong>et</strong></span> <span class='ocrx_word' id='word_1_72' title='bbox 961 1461 1288 1525; x_wconf 89' lang='lat' dir='ltr'><strong>aeternum</strong></span> <span class='ocrx_word' id='word_1_73' title='bbox 1340 1458 1760 1545; x_wconf 77' lang='lat' dir='ltr'><strong>&#39;opperiuntur</strong></span> <span class='ocrx_word' id='word_1_74' title='bbox 1806 1460 2234 1527; x_wconf 89' lang='lat' dir='ltr'><strong>incendium“.</strong></span> 
     </span>
    </p>

    <p class='ocr_par' dir='ltr' id='par_1_4' title="bbox 199 1567 2441 1972">
     <span class='ocr_line' id='line_1_11' title="bbox 381 1567 2437 1651; baseline 0.001 -20"><span class='ocrx_word' id='word_1_75' title='bbox 381 1567 454 1631; x_wconf 89' lang='lat' dir='ltr'><strong>In</strong></span> <span class='ocrx_word' id='word_1_76' title='bbox 521 1588 614 1650; x_wconf 90' lang='lat' dir='ltr'><strong>ep.</strong></span> <span class='ocrx_word' id='word_1_77' title='bbox 681 1568 826 1650; x_wconf 86' lang='lat'>14‚8</span> <span class='ocrx_word' id='word_1_78' title='bbox 897 1568 1318 1651; x_wconf 82' lang='lat' dir='ltr'><strong>Hieronymus</strong></span> <span class='ocrx_word' id='word_1_79' title='bbox 1392 1588 1456 1633; x_wconf 92' lang='lat' dir='ltr'><strong>se</strong></span> <span class='ocrx_word' id='word_1_80' title='bbox 1524 1568 1905 1634; x_wconf 90' lang='lat' dir='ltr'><strong>monachum</strong></span> <span class='ocrx_word' id='word_1_81' title='bbox 1976 1589 2119 1636; x_wconf 89' lang='lat' dir='ltr'><strong>cum</strong></span> <span class='ocrx_word' id='word_1_82' title='bbox 2191 1569 2437 1635; x_wconf 83' lang='lat' dir='ltr'><strong>clericis</strong></span> 
     </span>
     <span class='ocr_line' id='line_1_12' title="bbox 202 1674 2441 1763; baseline 0.001 -23"><span class='ocrx_word' id='word_1_83' title='bbox 202 1674 505 1741; x_wconf 84' lang='lat' dir='ltr'><strong>contulit:</strong></span> <span class='ocrx_word' id='word_1_84' title='bbox 575 1677 822 1757; x_wconf 65' lang='lat' dir='ltr'><strong>„clerici</strong></span> <span class='ocrx_word' id='word_1_85' title='bbox 867 1677 1137 1763; x_wconf 89' lang='lat' dir='ltr'><strong>pascunt</strong></span> <span class='ocrx_word' id='word_1_86' title='bbox 1185 1695 1326 1740; x_wconf 86' lang='lat' dir='ltr'><strong>oves</strong></span> <span class='ocrx_word' id='word_1_87' title='bbox 1343 1702 1367 1741; x_wconf 57' lang='lat' dir='ltr'><strong>z&gt;</strong></span> <span class='ocrx_word' id='word_1_88' title='bbox 1445 1697 1548 1761; x_wconf 67' lang='lat' dir='ltr'><strong>eqo</strong></span> <span class='ocrx_word' id='word_1_89' title='bbox 1579 1695 1818 1760; x_wconf 86' lang='lat' dir='ltr'><strong>pascor.</strong></span> <span class='ocrx_word' id='word_1_90' title='bbox 1915 1675 2031 1740; x_wconf 79' lang='lat' dir='ltr'><strong>Illi</strong></span> <span class='ocrx_word' id='word_1_91' title='bbox 2093 1678 2167 1742; x_wconf 87' lang='lat' dir='ltr'><strong>de</strong></span> <span class='ocrx_word' id='word_1_92' title='bbox 2216 1677 2441 1743; x_wconf 89' lang='lat' dir='ltr'><strong>altario</strong></span> 
     </span>
     <span class='ocr_line' id='line_1_13' title="bbox 199 1782 2440 1869; baseline 0.001 -23"><span class='ocrx_word' id='word_1_93' title='bbox 199 1783 456 1848; x_wconf 87' lang='lat' dir='ltr'><strong>vivunt:</strong></span> <span class='ocrx_word' id='word_1_94' title='bbox 543 1784 702 1846; x_wconf 71' lang='lat' dir='ltr'><strong>mihi</strong></span> <span class='ocrx_word' id='word_1_95' title='bbox 759 1782 939 1867; x_wconf 83' lang='lat' dir='ltr'><strong>quasi</strong></span> <span class='ocrx_word' id='word_1_96' title='bbox 987 1784 1415 1848; x_wconf 78' lang='lat' dir='ltr'><strong>infructuosae</strong></span> <span class='ocrx_word' id='word_1_97' title='bbox 1467 1784 1675 1848; x_wconf 89' lang='lat' dir='ltr'><strong>arbori</strong></span> <span class='ocrx_word' id='word_1_98' title='bbox 1746 1784 1981 1850; x_wconf 89' lang='lat' dir='ltr'><strong>securis</strong></span> <span class='ocrx_word' id='word_1_99' title='bbox 2059 1785 2315 1869; x_wconf 88' lang='lat' dir='ltr'><strong>ponitur</strong></span> <span class='ocrx_word' id='word_1_100' title='bbox 2362 1786 2440 1850; x_wconf 88' lang='lat' dir='ltr'><strong>ad</strong></span> 
     </span>
     <span class='ocr_line' id='line_1_14' title="bbox 205 1889 1725 1972; baseline 0 -17"><span class='ocrx_word' id='word_1_101' title='bbox 205 1889 503 1972; x_wconf 86' lang='lat' dir='ltr'><strong>radicem,</strong></span> <span class='ocrx_word' id='word_1_102' title='bbox 555 1890 609 1955; x_wconf 88' lang='lat' dir='ltr'><strong>si</strong></span> <span class='ocrx_word' id='word_1_103' title='bbox 656 1910 888 1955; x_wconf 90' lang='lat' dir='ltr'><strong>munus</strong></span> <span class='ocrx_word' id='word_1_104' title='bbox 924 1891 1002 1955; x_wconf 89' lang='lat' dir='ltr'><strong>ad</strong></span> <span class='ocrx_word' id='word_1_105' title='bbox 1050 1891 1246 1955; x_wconf 90' lang='lat' dir='ltr'><strong>altare</strong></span> <span class='ocrx_word' id='word_1_106' title='bbox 1279 1911 1402 1955; x_wconf 89' lang='lat' dir='ltr'><strong>non</strong></span> <span class='ocrx_word' id='word_1_107' title='bbox 1453 1891 1725 1957; x_wconf 88' lang='lat' dir='ltr'><strong>defer0.“</strong></span> 
     </span>
    </p>

    <p class='ocr_par' dir='ltr' id='par_1_5' title="bbox 109 1992 2446 3373">
     <span class='ocr_line' id='line_1_15' title="bbox 380 1992 2446 2082; baseline 0.003 -21"><span class='ocrx_word' id='word_1_108' title='bbox 380 1998 455 2062; x_wconf 91' lang='lat' dir='ltr'><strong>In</strong></span> <span class='ocrx_word' id='word_1_109' title='bbox 505 1992 611 2081; x_wconf 55' lang='lat' dir='ltr'><strong>ep(</strong></span> <span class='ocrx_word' id='word_1_110' title='bbox 652 1999 756 2080; x_wconf 87' lang='lat'><strong>7,3</strong></span> <span class='ocrx_word' id='word_1_111' title='bbox 806 1999 1121 2063; x_wconf 90' lang='lat' dir='ltr'><strong>Bonosum</strong></span> <span class='ocrx_word' id='word_1_112' title='bbox 1194 1998 1317 2064; x_wconf 87' lang='lat' dir='ltr'><strong>sibi</strong></span> <span class='ocrx_word' id='word_1_113' title='bbox 1384 1999 1842 2082; x_wconf 78' lang='lat' dir='ltr'><strong>contraposuit:</strong></span> <span class='ocrx_word' id='word_1_114' title='bbox 1957 2001 2300 2082; x_wconf 65' lang='lat' dir='ltr'><strong>„Bonam-3,</strong></span> <span class='ocrx_word' id='word_1_115' title='bbox 2372 2002 2446 2067; x_wconf 88' lang='lat' dir='ltr'><strong>ut</strong></span> 
     </span>
     <span class='ocr_line' id='line_1_16' title="bbox 193 2102 2443 2192; baseline 0.001 -23"><span class='ocrx_word' id='word_1_116' title='bbox 193 2105 499 2187; x_wconf 89' lang='lat' dir='ltr'><strong>scribitis,</strong></span> <span class='ocrx_word' id='word_1_117' title='bbox 550 2105 731 2192; x_wconf 87' lang='lat' dir='ltr'><strong>quasi</strong></span> <span class='ocrx_word' id='word_1_118' title='bbox 778 2105 950 2170; x_wconf 86' lang='lat' dir='ltr'><strong>filius</strong></span> <span class='ocrx_word' id='word_1_119' title='bbox 1001 2105 1218 2191; x_wconf 79' lang='grc' dir='ltr'><strong>ἰχθύος,</strong></span> <span class='ocrx_word' id='word_1_120' title='bbox 1267 2105 1332 2170; x_wconf 83' lang='grc'><strong>1(1</strong></span> <span class='ocrx_word' id='word_1_121' title='bbox 1384 2108 1477 2171; x_wconf 89' lang='lat' dir='ltr'><strong>est</strong></span> <span class='ocrx_word' id='word_1_122' title='bbox 1525 2106 1736 2190; x_wconf 84' lang='lat' dir='ltr'><strong>pisciS,</strong></span> <span class='ocrx_word' id='word_1_123' title='bbox 1788 2102 2021 2192; x_wconf 82' lang='lat' dir='ltr'><strong>aquosa</strong></span> <span class='ocrx_word' id='word_1_124' title='bbox 2076 2106 2265 2190; x_wconf 87' lang='lat' dir='ltr'><strong>petit:</strong></span> <span class='ocrx_word' id='word_1_125' title='bbox 2332 2129 2443 2172; x_wconf 71' lang='lat' dir='ltr'><strong>nos</strong></span> 
     </span>
     <span class='ocr_line' id='line_1_17' title="bbox 195 2197 2442 2300; baseline 0.002 -23"><span class='ocrx_word' id='word_1_126' title='bbox 195 2212 466 2297; x_wconf 85' lang='lat' dir='ltr'><strong>pristina</strong></span> <span class='ocrx_word' id='word_1_127' title='bbox 543 2197 914 2299; x_wconf 80' lang='lat' dir='ltr'><strong>contagione</strong></span> <span class='ocrx_word' id='word_1_128' title='bbox 1002 2215 1322 2278; x_wconf 89' lang='lat' dir='ltr'><strong>sordentes</strong></span> <span class='ocrx_word' id='word_1_129' title='bbox 1408 2213 1588 2297; x_wconf 90' lang='lat' dir='ltr'><strong>quasi</strong></span> <span class='ocrx_word' id='word_1_130' title='bbox 1667 2214 1874 2298; x_wconf 87' lang='lat' dir='ltr'><strong>reguli</strong></span> <span class='ocrx_word' id='word_1_131' title='bbox 1952 2217 2013 2280; x_wconf 89' lang='lat' dir='ltr'><strong>et</strong></span> <span class='ocrx_word' id='word_1_132' title='bbox 2092 2215 2442 2300; x_wconf 87' lang='lat' dir='ltr'><strong>scorpiones</strong></span> 
     </span>
     <span class='ocr_line' id='line_1_18' title="bbox 193 2319 2444 2406; baseline 0 -20"><span class='ocrx_word' id='word_1_133' title='bbox 193 2320 435 2386; x_wconf 86' lang='lat' dir='ltr'><strong>arentia</strong></span> <span class='ocrx_word' id='word_1_134' title='bbox 487 2341 768 2406; x_wconf 90' lang='lat' dir='ltr'><strong>quaeque</strong></span> <span class='ocrx_word' id='word_1_135' title='bbox 841 2321 1172 2386; x_wconf 88' lang='lat' dir='ltr'><strong>sectamur.</strong></span> <span class='ocrx_word' id='word_1_136' title='bbox 1269 2319 1388 2384; x_wconf 81' lang='lat' dir='ltr'><strong>Ille</strong></span> <span class='ocrx_word' id='word_1_137' title='bbox 1457 2320 1585 2385; x_wconf 92' lang='lat' dir='ltr'><strong>iam</strong></span> <span class='ocrx_word' id='word_1_138' title='bbox 1665 2320 1866 2386; x_wconf 89' lang='lat' dir='ltr'><strong>calcat</strong></span> <span class='ocrx_word' id='word_1_139' title='bbox 1935 2341 2122 2405; x_wconf 87' lang='lat' dir='ltr'><strong>super</strong></span> <span class='ocrx_word' id='word_1_140' title='bbox 2200 2322 2444 2387; x_wconf 90' lang='lat' dir='ltr'><strong>colubri</strong></span> 
     </span>
     <span class='ocr_line' id='line_1_19' title="bbox 193 2427 2443 2512; baseline 0.001 -20"><span class='ocrx_word' id='word_1_141' title='bbox 193 2428 420 2512; x_wconf 89' lang='lat' dir='ltr'><strong>caput:</strong></span> <span class='ocrx_word' id='word_1_142' title='bbox 508 2450 620 2492; x_wconf 73' lang='lat' dir='ltr'><strong>nos</strong></span> <span class='ocrx_word' id='word_1_143' title='bbox 665 2427 939 2512; x_wconf 85' lang='lat' dir='ltr'><strong>serpenti</strong></span> <span class='ocrx_word' id='word_1_144' title='bbox 986 2429 1219 2493; x_wconf 86' lang='lat' dir='ltr'><strong>terram</strong></span> <span class='ocrx_word' id='word_1_145' title='bbox 1291 2448 1362 2492; x_wconf 84' lang='lat' dir='ltr'><strong>ex</strong></span> <span class='ocrx_word' id='word_1_146' title='bbox 1409 2428 1627 2494; x_wconf 88' lang='lat' dir='ltr'><strong>divina</strong></span> <span class='ocrx_word' id='word_1_147' title='bbox 1697 2429 2013 2493; x_wconf 89' lang='lat' dir='ltr'><strong>sententia</strong></span> <span class='ocrx_word' id='word_1_148' title='bbox 2091 2431 2443 2495; x_wconf 87' lang='lat' dir='ltr'><strong>comedenti</strong></span> 
     </span>
     <span class='ocr_line' id='line_1_20' title="bbox 109 2535 2441 2622; baseline 0 -20"><span class='ocrx_word' id='word_1_149' title='bbox 109 2566 113 2571; x_wconf 92' lang='lat'>·</span> <span class='ocrx_word' id='word_1_150' title='bbox 199 2536 406 2603; x_wconf 88' lang='lat' dir='ltr'><strong>adhuc</strong></span> <span class='ocrx_word' id='word_1_151' title='bbox 455 2535 631 2602; x_wconf 91' lang='lat' dir='ltr'><strong>cibus</strong></span> <span class='ocrx_word' id='word_1_152' title='bbox 682 2542 963 2603; x_wconf 81' lang='lat' dir='ltr'><strong>sumu8.“</strong></span> <span class='ocrx_word' id='word_1_153' title='bbox 1065 2535 1224 2619; x_wconf 76' lang='lat' dir='ltr'><em>„Ille</em></span> <span class='ocrx_word' id='word_1_154' title='bbox 1272 2588 1284 2602; x_wconf 90' lang='lat'><strong><em>.</em></strong></span> <span class='ocrx_word' id='word_1_155' title='bbox 1342 2588 1354 2601; x_wconf 93' lang='lat'><strong>.</strong></span> <span class='ocrx_word' id='word_1_156' title='bbox 1409 2589 1422 2602; x_wconf 90' lang='lat'><strong>.</strong></span> <span class='ocrx_word' id='word_1_157' title='bbox 1471 2535 1536 2600; x_wconf 90' lang='lat' dir='ltr'><strong>in</strong></span> <span class='ocrx_word' id='word_1_158' title='bbox 1590 2536 1883 2602; x_wconf 90' lang='lat' dir='ltr'><strong>ecclesiae</strong></span> <span class='ocrx_word' id='word_1_159' title='bbox 1935 2538 2173 2622; x_wconf 90' lang='lat' dir='ltr'><strong>gremio</strong></span> <span class='ocrx_word' id='word_1_160' title='bbox 2221 2538 2441 2604; x_wconf 90' lang='lat' dir='ltr'><strong>sedens</strong></span> 
     </span>
     <span class='ocr_line' id='line_1_21' title="bbox 196 2644 2440 2731; baseline 0.001 -21"><span class='ocrx_word' id='word_1_161' title='bbox 196 2645 278 2710; x_wconf 91' lang='lat' dir='ltr'><strong>ad</strong></span> <span class='ocrx_word' id='word_1_162' title='bbox 327 2645 681 2728; x_wconf 86' lang='lat' dir='ltr'><strong>exemplum</strong></span> <span class='ocrx_word' id='word_1_163' title='bbox 728 2644 992 2710; x_wconf 85' lang='lat' dir='ltr'><strong>Joannis</strong></span> <span class='ocrx_word' id='word_1_164' title='bbox 1039 2644 1278 2710; x_wconf 90' lang='lat' dir='ltr'><strong>librum</strong></span> <span class='ocrx_word' id='word_1_165' title='bbox 1325 2644 1484 2709; x_wconf 85' lang='lat' dir='ltr'><strong>forte</strong></span> <span class='ocrx_word' id='word_1_166' title='bbox 1531 2645 1659 2709; x_wconf 90' lang='lat' dir='ltr'><strong>iam</strong></span> <span class='ocrx_word' id='word_1_167' title='bbox 1709 2646 1992 2710; x_wconf 88' lang='lat' dir='ltr'><strong>devorat:</strong></span> <span class='ocrx_word' id='word_1_168' title='bbox 2057 2667 2160 2731; x_wconf 74' lang='lat' dir='ltr'><strong>eqo</strong></span> <span class='ocrx_word' id='word_1_169' title='bbox 2191 2645 2258 2709; x_wconf 90' lang='lat' dir='ltr'><strong>in</strong></span> <span class='ocrx_word' id='word_1_170' title='bbox 2308 2666 2440 2712; x_wconf 90' lang='lat' dir='ltr'><strong>sce-</strong></span> 
     </span>
     <span class='ocr_line' id='line_1_22' title="bbox 195 2752 2440 2836; baseline 0 -20"><span class='ocrx_word' id='word_1_171' title='bbox 195 2753 403 2817; x_wconf 89' lang='lat' dir='ltr'><strong>lerum</strong></span> <span class='ocrx_word' id='word_1_172' title='bbox 450 2772 733 2817; x_wconf 88' lang='lat' dir='ltr'><strong>meorum</strong></span> <span class='ocrx_word' id='word_1_173' title='bbox 782 2754 1069 2836; x_wconf 88' lang='lat' dir='ltr'><strong>sepulcro</strong></span> <span class='ocrx_word' id='word_1_174' title='bbox 1117 2752 1325 2817; x_wconf 90' lang='lat' dir='ltr'><strong>iacens</strong></span> <span class='ocrx_word' id='word_1_175' title='bbox 1385 2755 1449 2816; x_wconf 89' lang='lat' dir='ltr'><strong>et</strong></span> <span class='ocrx_word' id='word_1_176' title='bbox 1494 2753 1893 2835; x_wconf 86' lang='lat' dir='ltr'><strong>peccatorum</strong></span> <span class='ocrx_word' id='word_1_177' title='bbox 1940 2752 2212 2817; x_wconf 87' lang='lat' dir='ltr'><strong>vinculis</strong></span> <span class='ocrx_word' id='word_1_178' title='bbox 2262 2753 2440 2817; x_wconf 91' lang='lat' dir='ltr'><strong>colli-</strong></span> 
     </span>
     <span class='ocr_line' id='line_1_23' title="bbox 197 2858 2437 2943; baseline 0 -20"><span class='ocrx_word' id='word_1_179' title='bbox 197 2861 386 2942; x_wconf 87' lang='lat' dir='ltr'><strong>gatus</strong></span> <span class='ocrx_word' id='word_1_180' title='bbox 435 2860 821 2924; x_wconf 89' lang='lat' dir='ltr'><strong>dominicum</strong></span> <span class='ocrx_word' id='word_1_181' title='bbox 895 2860 972 2923; x_wconf 89' lang='lat' dir='ltr'><strong>de</strong></span> <span class='ocrx_word' id='word_1_182' title='bbox 1030 2860 1354 2943; x_wconf 85' lang='lat' dir='ltr'><strong>evangelio</strong></span> <span class='ocrx_word' id='word_1_183' title='bbox 1414 2861 1697 2942; x_wconf 86' lang='lat' dir='ltr'><strong>exspecto</strong></span> <span class='ocrx_word' id='word_1_184' title='bbox 1748 2858 2112 2924; x_wconf 86' lang='lat' dir='ltr'><strong>clamorem:</strong></span> <span class='ocrx_word' id='word_1_185' title='bbox 2216 2860 2437 2924; x_wconf 90' lang='lat' dir='ltr'><strong>Hiero-</strong></span> 
     </span>
     <span class='ocr_line' id='line_1_24' title="bbox 195 2966 2442 3050; baseline 0 -19"><span class='ocrx_word' id='word_1_186' title='bbox 195 2987 404 3050; x_wconf 87' lang='lat' dir='ltr'><strong>nyme,</strong></span> <span class='ocrx_word' id='word_1_187' title='bbox 439 2967 582 3032; x_wconf 90' lang='lat' dir='ltr'><strong>veni</strong></span> <span class='ocrx_word' id='word_1_188' title='bbox 615 2968 844 3032; x_wconf 87' lang='lat' dir='ltr'><strong>foras.“</strong></span> <span class='ocrx_word' id='word_1_189' title='bbox 922 2967 1243 3048; x_wconf 76' lang='lat' dir='ltr'><strong>„Bonosus</strong></span> <span class='ocrx_word' id='word_1_190' title='bbox 1293 3019 1306 3032; x_wconf 88' lang='lat'><strong>.</strong></span> <span class='ocrx_word' id='word_1_191' title='bbox 1360 3016 1374 3030; x_wconf 91' lang='lat'><strong>.</strong></span> <span class='ocrx_word' id='word_1_192' title='bbox 1427 3018 1441 3034; x_wconf 89' lang='lat'><strong>.</strong></span> <span class='ocrx_word' id='word_1_193' title='bbox 1504 2992 1518 3031; x_wconf 73' lang='grc' dir='ltr'><strong><em>ι</em></strong></span> <span class='ocrx_word' id='word_1_194' title='bbox 1567 2988 1663 3028; x_wconf 79' lang='lat' dir='ltr'><strong>me</strong></span> <span class='ocrx_word' id='word_1_195' title='bbox 1695 2985 1838 3030; x_wconf 89' lang='lat' dir='ltr'><strong>vero</strong></span> <span class='ocrx_word' id='word_1_196' title='bbox 1872 2966 2442 3031; x_wconf 82' lang='lat' dir='ltr'><strong>Nabuchodonosor</strong></span> 
     </span>
     <span class='ocr_line' id='line_1_25' title="bbox 197 3073 2442 3159; baseline 0.001 -22"><span class='ocrx_word' id='word_1_197' title='bbox 197 3075 277 3137; x_wconf 90' lang='lat' dir='ltr'><strong>ad</strong></span> <span class='ocrx_word' id='word_1_198' title='bbox 326 3074 738 3159; x_wconf 83' lang='lat' dir='ltr'><strong>Babylonem,</strong></span> <span class='ocrx_word' id='word_1_199' title='bbox 787 3074 854 3138; x_wconf 93' lang='lat' dir='ltr'><strong>id</strong></span> <span class='ocrx_word' id='word_1_200' title='bbox 912 3074 1007 3138; x_wconf 84' lang='lat' dir='ltr'><strong>est</strong></span> <span class='ocrx_word' id='word_1_201' title='bbox 1065 3074 1492 3138; x_wconf 87' lang='lat' dir='ltr'><strong>confusionem</strong></span> <span class='ocrx_word' id='word_1_202' title='bbox 1551 3073 1781 3137; x_wconf 87' lang='lat' dir='ltr'><strong>mentis</strong></span> <span class='ocrx_word' id='word_1_203' title='bbox 1836 3092 2011 3137; x_wconf 88' lang='lat' dir='ltr'><strong>meae</strong></span> <span class='ocrx_word' id='word_1_204' title='bbox 2082 3075 2442 3139; x_wconf 88' lang='lat' dir='ltr'><strong>catenatum</strong></span> 
     </span>
     <span class='ocr_line' id='line_1_26' title="bbox 204 3180 2443 3268; baseline 0 -23"><span class='ocrx_word' id='word_1_205' title='bbox 204 3182 446 3245; x_wconf 81' lang='lat' dir='ltr'><strong>duxit.“</strong></span> <span class='ocrx_word' id='word_1_206' title='bbox 551 3182 677 3263; x_wconf 89' lang='lat' dir='ltr'><strong>„Ut</strong></span> <span class='ocrx_word' id='word_1_207' title='bbox 726 3181 997 3245; x_wconf 88' lang='lat' dir='ltr'><strong>breviter</strong></span> <span class='ocrx_word' id='word_1_208' title='bbox 1053 3182 1335 3265; x_wconf 86' lang='lat' dir='ltr'><strong>coeptam</strong></span> <span class='ocrx_word' id='word_1_209' title='bbox 1408 3180 1999 3244; x_wconf 82' lang='lat' dir='ltr'><strong>dissimilitudinem</strong></span> <span class='ocrx_word' id='word_1_210' title='bbox 2049 3180 2287 3263; x_wconf 90' lang='lat' dir='ltr'><strong>finiam,</strong></span> <span class='ocrx_word' id='word_1_211' title='bbox 2338 3204 2443 3268; x_wconf 64' lang='lat' dir='ltr'><strong>esso</strong></span> 
     </span>
     <span class='ocr_line' id='line_1_27' title="bbox 195 3288 2038 3373; baseline -0.001 -20"><span class='ocrx_word' id='word_1_212' title='bbox 195 3289 446 3354; x_wconf 86' lang='lat' dir='ltr'><strong>veniam</strong></span> <span class='ocrx_word' id='word_1_213' title='bbox 498 3291 820 3373; x_wconf 87' lang='lat' dir='ltr'><strong>deprecor:</strong></span> <span class='ocrx_word' id='word_1_214' title='bbox 902 3288 1005 3351; x_wconf 80' lang='lat' dir='ltr'><strong>ille</strong></span> <span class='ocrx_word' id='word_1_215' title='bbox 1052 3288 1368 3371; x_wconf 80' lang='lat' dir='ltr'><strong>exspectat</strong></span> <span class='ocrx_word' id='word_1_216' title='bbox 1415 3288 1833 3369; x_wconf 74' lang='lat' dir='ltr'><strong>coronaml).“</strong></span> <span class='ocrx_word' id='word_1_217' title='bbox 2025 3353 2038 3358; x_wconf 62' lang='lat'><em>„</em></span> 
     </span>
    </p>

    <p class='ocr_par' dir='ltr' id='par_1_6' title="bbox 192 3380 2441 3908">
     <span class='ocr_line' id='line_1_28' title="bbox 376 3380 2441 3479; baseline 0 -19"><span class='ocrx_word' id='word_1_218' title='bbox 376 3380 446 3460; x_wconf 86' lang='lat' dir='ltr'><strong>In</strong></span> <span class='ocrx_word' id='word_1_219' title='bbox 509 3416 601 3479; x_wconf 88' lang='lat' dir='ltr'><strong>ep.</strong></span> <span class='ocrx_word' id='word_1_220' title='bbox 663 3398 764 3477; x_wconf 80' lang='lat'><strong>2,1</strong></span> <span class='ocrx_word' id='word_1_221' title='bbox 843 3396 1174 3460; x_wconf 85' lang='lat' dir='ltr'><strong>exclamat:</strong></span> <span class='ocrx_word' id='word_1_222' title='bbox 1284 3415 1436 3479; x_wconf 85' lang='lat' dir='ltr'><strong>„ego</strong></span> <span class='ocrx_word' id='word_1_223' title='bbox 1507 3395 1599 3459; x_wconf 87' lang='lat' dir='ltr'><strong>ita</strong></span> <span class='ocrx_word' id='word_1_224' title='bbox 1678 3415 1818 3460; x_wconf 91' lang='lat' dir='ltr'><strong>sum</strong></span> <span class='ocrx_word' id='word_1_225' title='bbox 1890 3395 2068 3479; x_wconf 89' lang='lat' dir='ltr'><strong>quasi</strong></span> <span class='ocrx_word' id='word_1_226' title='bbox 2125 3416 2161 3459; x_wconf 88' lang='lat' dir='ltr'><strong>a</strong></span> <span class='ocrx_word' id='word_1_227' title='bbox 2219 3400 2441 3460; x_wconf 87' lang='lat' dir='ltr'><strong>cuncto</strong></span> 
     </span>
     <span class='ocr_line' id='line_1_29' title="bbox 206 3501 2439 3588; baseline 0 -21"><span class='ocrx_word' id='word_1_228' title='bbox 206 3523 397 3588; x_wconf 86' lang='lat' dir='ltr'><strong>grege</strong></span> <span class='ocrx_word' id='word_1_229' title='bbox 464 3503 754 3567; x_wconf 89' lang='lat' dir='ltr'><strong>morbida</strong></span> <span class='ocrx_word' id='word_1_230' title='bbox 834 3504 1128 3567; x_wconf 85' lang='lat' dir='ltr'><strong>aberrans</strong></span> <span class='ocrx_word' id='word_1_231' title='bbox 1211 3503 1403 3565; x_wconf 86' lang='lat' dir='ltr'><strong>oviS.“</strong></span> <span class='ocrx_word' id='word_1_232' title='bbox 1508 3501 1680 3585; x_wconf 86' lang='lat' dir='ltr'><strong>„Ego</strong></span> <span class='ocrx_word' id='word_1_233' title='bbox 1753 3502 1893 3566; x_wconf 84' lang='lat' dir='ltr'><strong>&#39;sum</strong></span> <span class='ocrx_word' id='word_1_234' title='bbox 1955 3502 2067 3566; x_wconf 86' lang='lat' dir='ltr'><strong>ille</strong></span> <span class='ocrx_word' id='word_1_235' title='bbox 2138 3502 2439 3587; x_wconf 86' lang='lat' dir='ltr'><strong>prodigus</strong></span> 
     </span>
     <span class='ocr_line' id='line_1_30' title="bbox 193 3608 2441 3696; baseline 0 -22"><span class='ocrx_word' id='word_1_236' title='bbox 193 3611 385 3692; x_wconf 84' lang='lat' dir='ltr'><strong>filius,</strong></span> <span class='ocrx_word' id='word_1_237' title='bbox 443 3611 551 3696; x_wconf 89' lang='lat' dir='ltr'><strong>qui</strong></span> <span class='ocrx_word' id='word_1_238' title='bbox 600 3610 771 3675; x_wconf 91' lang='lat' dir='ltr'><strong>omni</strong></span> <span class='ocrx_word' id='word_1_239' title='bbox 818 3629 1007 3692; x_wconf 89' lang='lat' dir='ltr'><strong>quam</strong></span> <span class='ocrx_word' id='word_1_240' title='bbox 1054 3608 1215 3673; x_wconf 90' lang='lat' dir='ltr'><strong>mihi</strong></span> <span class='ocrx_word' id='word_1_241' title='bbox 1275 3610 1454 3692; x_wconf 89' lang='lat' dir='ltr'><strong>pater</strong></span> <span class='ocrx_word' id='word_1_242' title='bbox 1524 3609 1894 3691; x_wconf 86' lang='lat' dir='ltr'><strong>crediderat,</strong></span> <span class='ocrx_word' id='word_1_243' title='bbox 1944 3611 2229 3693; x_wconf 87' lang='lat' dir='ltr'><strong>portione</strong></span> <span class='ocrx_word' id='word_1_244' title='bbox 2298 3631 2441 3694; x_wconf 91' lang='lat' dir='ltr'><strong>pro-</strong></span> 
     </span>
     <span class='ocr_line' id='line_1_31' title="bbox 192 3714 2435 3801; baseline 0.001 -20"><span class='ocrx_word' id='word_1_245' title='bbox 192 3718 339 3783; x_wconf 86' lang='lat' dir='ltr'><strong>fusa</strong></span> <span class='ocrx_word' id='word_1_246' title='bbox 390 3717 653 3781; x_wconf 89' lang='lat' dir='ltr'><strong>necdum</strong></span> <span class='ocrx_word' id='word_1_247' title='bbox 722 3737 823 3781; x_wconf 89' lang='lat' dir='ltr'><strong>me</strong></span> <span class='ocrx_word' id='word_1_248' title='bbox 893 3718 970 3781; x_wconf 92' lang='lat' dir='ltr'><strong>ad</strong></span> <span class='ocrx_word' id='word_1_249' title='bbox 1044 3714 1350 3801; x_wconf 84' lang='lat' dir='ltr'><strong>genitoris</strong></span> <span class='ocrx_word' id='word_1_250' title='bbox 1423 3735 1630 3801; x_wconf 86' lang='lat' dir='ltr'><strong>genua</strong></span> <span class='ocrx_word' id='word_1_251' title='bbox 1701 3716 2043 3797; x_wconf 88' lang='lat' dir='ltr'><strong>submisi“;</strong></span> <span class='ocrx_word' id='word_1_252' title='bbox 2147 3717 2222 3783; x_wconf 86' lang='lat' dir='ltr'><strong>cf.</strong></span> <span class='ocrx_word' id='word_1_253' title='bbox 2298 3737 2435 3801; x_wconf 89' lang='lat' dir='ltr'><strong>epp.</strong></span> 
     </span>
     <span class='ocr_line' id='line_1_32' title="bbox 201 3827 641 3908; baseline 0.002 -18"><span class='ocrx_word' id='word_1_254' title='bbox 201 3829 378 3908; x_wconf 81' lang='lat'>15‚·2;</span> <span class='ocrx_word' id='word_1_255' title='bbox 475 3827 641 3907; x_wconf 85' lang='lat'>16‚1.</span> 
     </span>
    </p>

    <p class='ocr_par' dir='ltr' id='par_1_7' title="bbox 192 3930 2442 4336">
     <span class='ocr_line' id='line_1_33' title="bbox 376 3930 2441 4017; baseline -0.001 -19"><span class='ocrx_word' id='word_1_256' title='bbox 376 3935 449 3998; x_wconf 92' lang='lat' dir='ltr'><strong>In</strong></span> <span class='ocrx_word' id='word_1_257' title='bbox 502 3954 597 4017; x_wconf 89' lang='lat' dir='ltr'><strong>ep.</strong></span> <span class='ocrx_word' id='word_1_258' title='bbox 656 3935 800 4014; x_wconf 75' lang='lat' dir='ltr'><strong>14,ss</strong></span> <span class='ocrx_word' id='word_1_259' title='bbox 862 3952 1003 3996; x_wconf 88' lang='lat' dir='ltr'><strong>cum</strong></span> <span class='ocrx_word' id='word_1_260' title='bbox 1069 3937 1288 4016; x_wconf 87' lang='lat' dir='ltr'><strong>‘nuper</strong></span> <span class='ocrx_word' id='word_1_261' title='bbox 1361 3931 1689 4015; x_wconf 86' lang='lat' dir='ltr'><strong>naufragio</strong></span> <span class='ocrx_word' id='word_1_262' title='bbox 1739 3930 1806 3995; x_wconf 90' lang='lat' dir='ltr'><strong>in</strong></span> <span class='ocrx_word' id='word_1_263' title='bbox 1876 3932 2032 3995; x_wconf 89' lang='lat' dir='ltr'><strong>litus</strong></span> <span class='ocrx_word' id='word_1_264' title='bbox 2112 3930 2325 3995; x_wconf 84' lang='lat' dir='ltr'><strong>eiecto’</strong></span> <span class='ocrx_word' id='word_1_265' title='bbox 2377 3952 2441 3996; x_wconf 93' lang='lat' dir='ltr'><strong>se</strong></span> 
     </span>
     <span class='ocr_line' id='line_1_34' title="bbox 194 4039 2439 4124; baseline -0.002 -18"><span class='ocrx_word' id='word_1_266' title='bbox 194 4040 615 4124; x_wconf 78' lang='lat' dir='ltr'><strong>comparat2);</strong></span> <span class='ocrx_word' id='word_1_267' title='bbox 729 4040 914 4104; x_wconf 84' lang='lat' dir='ltr'><strong>aliter</strong></span> <span class='ocrx_word' id='word_1_268' title='bbox 985 4039 1050 4103; x_wconf 92' lang='lat' dir='ltr'><strong>in</strong></span> <span class='ocrx_word' id='word_1_269' title='bbox 1123 4059 1197 4121; x_wconf 90' lang='lat' dir='ltr'><strong>ep</strong></span> <span class='ocrx_word' id='word_1_270' title='bbox 1276 4040 1420 4121; x_wconf 78' lang='lat'><strong>15,2</strong></span> <span class='ocrx_word' id='word_1_271' title='bbox 1496 4039 1599 4120; x_wconf 85' lang='lat' dir='ltr'><strong>(ad</strong></span> <span class='ocrx_word' id='word_1_272' title='bbox 1671 4039 2039 4120; x_wconf 86' lang='lat' dir='ltr'><strong>Damasum,</strong></span> <span class='ocrx_word' id='word_1_273' title='bbox 2113 4040 2188 4102; x_wconf 93' lang='lat' dir='ltr'><strong>de</strong></span> <span class='ocrx_word' id='word_1_274' title='bbox 2235 4039 2439 4103; x_wconf 89' lang='lat' dir='ltr'><strong>tribus</strong></span> 
     </span>
     <span class='ocr_line' id='line_1_35' title="bbox 192 4144 2442 4233; baseline -0.002 -20"><span class='ocrx_word' id='word_1_275' title='bbox 192 4147 706 4233; x_wconf 82' lang='lat' dir='ltr'><strong>hypostasibus):</strong></span> <span class='ocrx_word' id='word_1_276' title='bbox 802 4147 1115 4230; x_wconf 87' lang='lat' dir='ltr'><strong>„collegas</strong></span> <span class='ocrx_word' id='word_1_277' title='bbox 1172 4148 1311 4210; x_wconf 87' lang='lat' dir='ltr'><strong>tuos</strong></span> <span class='ocrx_word' id='word_1_278' title='bbox 1370 4144 1712 4230; x_wconf 80' lang='lat' dir='ltr'><strong>Aegyptios</strong></span> <span class='ocrx_word' id='word_1_279' title='bbox 1785 4145 2165 4210; x_wconf 88' lang='lat' dir='ltr'><strong>confessores</strong></span> <span class='ocrx_word' id='word_1_280' title='bbox 2217 4165 2442 4230; x_wconf 90' lang='lat' dir='ltr'><strong>sequor</strong></span> 
     </span>
     <span class='ocr_line' id='line_1_36' title="bbox 199 4252 2108 4336; baseline -0.001 -17"><span class='ocrx_word' id='word_1_281' title='bbox 199 4259 261 4320; x_wconf 89' lang='lat' dir='ltr'><strong>et</strong></span> <span class='ocrx_word' id='word_1_282' title='bbox 311 4256 425 4319; x_wconf 90' lang='lat' dir='ltr'><strong>sub</strong></span> <span class='ocrx_word' id='word_1_283' title='bbox 475 4254 774 4319; x_wconf 87' lang='lat' dir='ltr'><strong>onerariis</strong></span> <span class='ocrx_word' id='word_1_284' title='bbox 822 4254 1091 4319; x_wconf 89' lang='lat' dir='ltr'><strong>navibus</strong></span> <span class='ocrx_word' id='word_1_285' title='bbox 1140 4272 1334 4336; x_wconf 84' lang='lat' dir='ltr'><strong>parva</strong></span> <span class='ocrx_word' id='word_1_286' title='bbox 1402 4252 1696 4317; x_wconf 89' lang='lat' dir='ltr'><strong>navicula</strong></span> <span class='ocrx_word' id='word_1_287' title='bbox 1744 4253 2108 4317; x_wconf 86' lang='lat' dir='ltr'><strong>delitesc0“.</strong></span> 
     </span>
    </p>
   </div>
   <div class='ocr_carea' id='block_1_3' title="bbox 374 4430 1976 4593">
    <p class='ocr_par' dir='ltr' id='par_1_8' title="bbox 374 4430 1976 4593">
     <span class='ocr_line' id='line_1_37' title="bbox 376 4430 1976 4501; baseline -0.002 -18"><span class='ocrx_word' id='word_1_288' title='bbox 376 4433 416 4499; x_wconf 85' lang='lat'><strong>¹)</strong></span> <span class='ocrx_word' id='word_1_289' title='bbox 457 4432 628 4484; x_wconf 87' lang='lat' dir='ltr'><strong>Simili</strong></span> <span class='ocrx_word' id='word_1_290' title='bbox 675 4432 832 4484; x_wconf 88' lang='lat' dir='ltr'><strong>modo</strong></span> <span class='ocrx_word' id='word_1_291' title='bbox 891 4432 946 4482; x_wconf 89' lang='lat' dir='ltr'><strong>in</strong></span> <span class='ocrx_word' id='word_1_292' title='bbox 986 4448 1069 4499; x_wconf 88' lang='lat' dir='ltr'><strong>ep.</strong></span> <span class='ocrx_word' id='word_1_293' title='bbox 1110 4434 1194 4501; x_wconf 82' lang='lat'><strong>4,2</strong></span> <span class='ocrx_word' id='word_1_294' title='bbox 1236 4447 1354 4483; x_wconf 87' lang='lat' dir='ltr'><strong>cum</strong></span> <span class='ocrx_word' id='word_1_295' title='bbox 1395 4430 1589 4482; x_wconf 85' lang='lat' dir='ltr'><strong>Rufino</strong></span> <span class='ocrx_word' id='word_1_296' title='bbox 1639 4446 1696 4483; x_wconf 87' lang='lat' dir='ltr'><strong>se</strong></span> <span class='ocrx_word' id='word_1_297' title='bbox 1736 4430 1976 4484; x_wconf 87' lang='lat' dir='ltr'><strong>contulit.</strong></span> 
     </span>
     <span class='ocr_line' id='line_1_38' title="bbox 374 4522 882 4593; baseline -0.004 -16"><span class='ocrx_word' id='word_1_298' title='bbox 374 4522 419 4593; x_wconf 80' lang='lat'><strong>¹)</strong></span> <span class='ocrx_word' id='word_1_299' title='bbox 460 4522 541 4577; x_wconf 81' lang='lat' dir='ltr'><strong>Cf.</strong></span> <span class='ocrx_word' id='word_1_300' title='bbox 582 4538 667 4593; x_wconf 86' lang='lat' dir='ltr'><strong>ep.</strong></span> <span class='ocrx_word' id='word_1_301' title='bbox 711 4524 882 4591; x_wconf 84' lang='lat'><strong>125,2.</strong></span> 
     </span>
    </p>
   </div>
  </div>
 </body>
</html>
