3096 5132
1118 443 1558 526 3⁵22...

396 671 492 742 ep.
530 650 679 740 39,ss
736 649 1130 740 (Blaesillam
1179 659 1494 723 mortuam
1541 659 1901 743 loquentem
1948 652 2159 744 facit):
2251 646 2459 742 „Quas

216 783 387 830 nunc
463 765 780 829 existimas
843 763 1212 830 Blaesillam
1281 769 1561 830 nostram
1608 768 1741 850 pati
1792 787 2023 849 cruceS,
2097 787 2253 852 quae
2299 769 2461 833 ferre

214 874 546 953 tormenta,
622 873 789 956 quod
859 872 980 936 tibi
1053 871 1375 938 Christum
1443 873 1657 939 videat
1726 874 2119 940 subiratum?
2216 875 2463 941 Clamat

214 999 384 1043 nunc
429 979 546 1043 illa
592 979 890 1063 lugendi:
959 979 1025 1044 Si
1059 999 1340 1063 unquam
1372 1001 1474 1045 me
1506 981 1753 1062 amasti,
1787 985 2009 1064 mater,
2044 983 2099 1046 si
2130 984 2239 1047 tua
2270 985 2462 1048 ubera

215 1088 374 1169 suxi,
424 1086 478 1150 si
525 1087 651 1150 tuis
699 1085 994 1150 instituta
1033 1106 1173 1150 sum
1222 1087 1511 1151 monitis:
1570 1108 1648 1152 ne
1695 1088 1977 1153 invideas
2022 1089 2257 1172 gloriae
2287 1109 2461 1154 meae

213 1215 329 1259 nec
398 1194 513 1258 hoc
571 1212 754 1275 agaS,
829 1194 902 1256 ut
949 1212 986 1255 a
1031 1193 1211 1257 nobis
1252 1193 1324 1257 ⁴in
1374 1195 1748 1278 perpetuum
1798 1215 2173 1279 separemur.
2268 1197 2461 1261 Putas

214 1320 350 1365 esse
419 1321 520 1364 me
578 1302 836 1368 solam?
927 1301 1141 1365 Habeo
1214 1321 1324 1384 pro
1395 1303 1456 1365 te
1504 1302 1792 1385 Mariam,
1866 1305 2132 1368 matrem
2203 1303 2461 1369 domini.

160 1392 174 1399 ’
214 1409 454 1472 Multas
526 1408 631 1472 hic
710 1408 911 1488 video,
991 1427 1144 1490 quas
1193 1411 1335 1472 ante
1389 1410 1767 1476 nesciebam.
1863 1410 1914 1474 O
1966 1412 2196 1493 quanto
2243 1412 2467 1475 melior

212 1518 310 1580 est
356 1516 476 1579 iste
523 1514 855 1580 comitatus
906 1565 920 1579 .
973 1568 986 1581 .
1048 1567 1060 1580 .
1115 1519 1169 1580 .“

1010 1677 1053 1741 f.
1105 1676 1207 1741 De
1255 1678 1684 1744 omissione.

392 1821 442 1884 E
513 1820 733 1889 ceteris
800 1820 1255 1884 sententiarum
1301 1820 1525 1904 figuris
1575 1821 1976 1886 omissionem
2024 1822 2258 1906 eligam
2305 1842 2463 1907 pau-

211 1927 430 2011 cisque
478 1927 777 2010 exemplis
824 1926 1196 2007 illustrabo,
1248 1927 1555 2010 quomodo
1587 1928 2008 2012 Hieronymus
2059 1949 2129 1993 ea
2162 1949 2313 1994 usus
2350 1930 2460 1994 sit:

394 2055 489 2118 ep.
525 2036 717 2115 2239
790 2035 1000 2115 „taceo
1050 2034 1213 2117 quod
1262 2053 1461 2117 usque
1510 2036 1590 2099 ad
1636 2035 1902 2117 triginta
1934 2055 2127 2099 annos
2163 2036 2463 2119 ignobilis

211 2144 556 2224 parentum
636 2144 1005 2225 paupertate
1083 2142 1411 2206 contentus
1483 2144 1603 2206 est:
1698 2144 2063 2206 verberatur
2132 2145 2195 2206 et
2269 2143 2461 2207 tacet:

212 2248 607 2332 crucifigitur
669 2250 734 2312 et
781 2267 891 2330 pro
941 2248 1456 2331 crucifigentibus
1507 2243 1936 2333 de'precaturss

393 2376 486 2439 ep.
527 2357 676 2437 54‚·2
769 2358 984 2438 „taceo
1035 2356 1110 2419 de
1157 2355 1356 2420 Paula
1406 2357 1468 2420 et
1515 2356 1874 2437 EustochiO,
1947 2356 2162 2439 stirpis
2223 2357 2467 2420 vestrae

211 2463 491 2543 floribus,
563 2482 640 2526 ne
725 2482 836 2545 per
893 2463 1278 2526 occasionem
1327 2457 1773 2527 exhortationis
1822 2465 1967 2528 tuae
2013 2463 2159 2527 illas
2211 2464 2467 2528 laudare

212 2571 445 2636 videar.
543 2570 1042 2652 Blaesillamque
1076 2571 1413 2654 praetereo,
1466 2590 1623 2654 quae
1670 2572 1970 2636 maritum
2019 2591 2222 2653 suum,
2272 2572 2457 2635 tuum

217 2679 431 2742 secuta
501 2697 892 2761 germanum,
963 2678 1029 2741 in
1100 2677 1276 2742 brevi
1347 2679 1513 2742 vitae
1562 2679 1765 2760 spatio
1814 2680 2097 2760 tempora
2142 2678 2455 2742 virtutum

212 2785 413 2849 multa
462 2783 865 2867 complevit.“

392 2912 485 2975 ep.
529 2892 720 2971 108,3
777 2910 1147 2976 „carpamus
1196 2892 1395 2975 igitur
1442 2893 1744 2957 narrandi
1793 2892 2094 2957 ordinem.
2189 2891 2324 2956 Alii
2366 2892 2458 2956 al-

213 2999 699 3083 tius‘repetant
774 3000 837 3062 et·
911 3047 926 3063 .
978 3050 991 3063 .
1045 3047 1060 3063 .
1131 3000 1396 3062 matrem
1442 2997 1815 3090 Blaesillam
1864 3002 1925 3062 et
1957 3000 2270 3081 Rogatum
2316 3019 2459 3082 pro-

214 3107 421 3170 ferant
488 3108 766 3188 patrem:
866 3125 1130 3188 quorum
1208 3106 1402 3170 altera
1469 3094 1844 3189 ‘Scipionum
1916 3106 2463 3188 Gracchorumque

215 3213 545 3296 progenies
622 3215 745 3277 est:
839 3213 997 3277 alter
1065 3233 1176 3295 per
1233 3232 1445 3277 omnes
1503 3214 1630 3277 fere
1679 3212 1970 3278 Graecias
2032 3232 2231 3296 usque
2277 3213 2463 3277 hodie

222 3320 663 3384 stemmatibus
714 3320 775 3385 et
808 3319 1050 3413 (11γί11ςί3
1085 3328 1154 3385 30
1189 3320 1518 3384 nobilitate
1552 3320 2043 3402 Agamemnonis
2091 3321 2290 3385 fertur
2322 3339 2465 3384 san-

217 3427 475 3511 guinem
516 3427 781 3508 trahere,
833 3415 955 3512 sphi-l
975 3412 1300 3492 decennali
1335 3428 1587 3492 Troiam
1622 3428 1944 3492 obsidione
1993 3428 2242 3492 delevit.
2337 3427 2463 3491 Nos

215 3533 380 3598 nihil
451 3529 1059 3598 laudabimusnisi
1133 3534 1297 3618 quod
1368 3534 1696 3618 proprium
1754 3536 1849 3598 est
1897 3534 1960 3598 et
2007 3534 2081 3599 de
2128 3534 2467 3617 purissimo

217 3642 466 3706 sanctae
514 3642 747 3706 mentis
805 3643 975 3705 fonte
1024 3641 1402 3723 profertur.“

398 3747 615 3813 Liceat
687 3746 846 3811 mihi
915 3748 1031 3813 hoc
1101 3748 1234 3812 loco
1306 3748 1938 3830 repraesentationem
2006 3768 2165 3831 quae
2213 3747 2463 3829 dicitur,

212 3857 484 3939 figuram
576 3854 901 3920 omissioni
982 3856 1161 3938 quasi
1241 3858 1456 3919 contra
1534 3856 1823 3937 positam,
1907 3875 2062 3938 quae
2140 3855 2464 3919 nonnullis

218 3962 373 4027 locis
424 3963 642 4044 exstat,
715 3963 1063 4044 attingere3
1160 3961 1323 4044 eligo
1373 3982 1465 4045 ep.
1508 3964 1608 4043 1,9
1688 3962 1852 4044 „huc
1899 3962 2023 4026 huc
2069 3962 2229 4025 mihi
2275 3962 2472 4025 trium

210 4069 490 4152 exempla
575 4088 932 4151 puerorum,
1021 4070 1130 4153 qui
1200 4070 1364 4133 inter
1440 4069 1705 4152 frigidos
1783 4069 2178 4133 flammarum
2256 4068 2470 4151 globos

208 4177 476 4260 hymnos
559 4176 809 4240 edidere
881 4194 993 4260 pro
1071 4177 1356 4240 fletibus:
1437 4177 1603 4240 circa
1652 4195 1916 4258 quorum
1965 4176 2278 4240 saraballa
2327 4194 2471 4239 san-

210 4285 501 4366 ctamque
572 4285 922 4348 caesariem
993 4282 1316 4348 innoxium
1390 4284 1544 4347 lusit
1617 4283 2000 4354 incendium,
2091 4282 2233 4346 Huc
2304 4282 2473 4345 beati

209 4389 494 4455 Danielis
579 4390 914 4455 revocetur
982 4390 1266 4472 historia,
1338 4391 1510 4454 iuxta
1560 4409 1744 4472 quem
1794 4389 2199 4454 adulantibus
2257 4389 2472 4452 caudis

208 4498 505 4580 praedam
580 4517 757 4562 suam
808 4499 1063 4562 leonum
1113 4517 1217 4560 ora
1264 4497 1634 4562 timuerunt.
1729 4497 1912 4561 Nunc
1961 4494 2241 4560 Susanna
2297 4495 2473 4560 nobi-

212 4588 297 4674 lis
346 4605 471 4672 fide
519 4605 806 4673 omnium
857 4605 1080 4672 subeat
1125 4603 1513 4671 mentibuS.“
