3096 5132
1045 782 1683 884 Argumentum.

249 1004 313 1061 A.
393 1005 537 1070 Quid
573 1003 935 1072 Hieronymus
973 1000 1030 1051 in
1070 997 1320 1067 epistulis
1379 995 1446 1048 de
1493 995 1738 1048 oratioue
1800 991 2107 1049 exornanda
2143 989 2489 1045 iudicaverit.

247 1097 315 1153 B.
395 1094 541 1162 Quas
580 1091 843 1145 orationis
883 1088 1258 1145 exornationes
1296 1087 1353 1141 in
1392 1084 1645 1158 epistulis
1694 1082 1959 1156 imprimis
1998 1080 2332 1136 adhibuerit:

394 1202 439 1257 Ι.
479 1201 562 1256 De
599 1199 818 1269 figuris:

482 1313 528 1366 1.
568 1310 635 1364 de
671 1309 864 1379 figuris
895 1288 1207 1361 verborum:

575 1419 624 1454 a.
666 1399 734 1454 de
771 1398 1141 1452 alliteratione
1185 1393 1575 1465 (ὁμοιόαρκτον),

576 1491 622 1544 b.
669 1491 735 1545 de
773 1487 1027 1544 similiter
1065 1486 1292 1541 cadente
1331 1481 1737 1553 (ὁμοιόπτωτον),

573 1601 614 1636 e.
657 1579 723 1635 de
762 1578 1204 1633 annominatione
1245 1572 1658 1645 (παρονομασία),

575 1673 625 1726 d.
662 1671 729 1725 de
767 1669 1112 1724 traductione
1149 1663 1545 1735 (πολύπτωτον),

577 1781 620 1816 e.
667 1760 733 1815 de
770 1759 1060 1814 iteratione
1098 1753 1473 1825 (παλιλλογία);

482 1871 532 1925 2.
571 1869 638 1923 de
675 1869 866 1938 figuris
909 1867 1333 1921 sententiarum:

579 1978 628 2014 a.
670 1958 738 2012 de
776 1957 1126 2012 contentione
1164 1952 1474 2022 (ἀντίθετον),

579 2049 624 2102 b.
672 2047 739 2102 de
778 2046 1110 2101 correctione
1150 2043 1446 2114 (μετάνοια),

580 2158 622 2193 c.
663 2138 730 2191 de
768 2127 1160 2191 exclamatione
1200 2131 1536 2204 (ἐκφώνησις),

581 2230 630 2282 d.
669 2227 735 2281 de
771 2224 1204 2294 interrogatione
1243 2221 1551 2291 (ἐρώτημα),

589 2337 631 2372 e.
679 2317 745 2372 de
783 2316 1007 2370 fictione
1044 2329 1400 2384 personarum
1438 2308 1879 2382 (προσωποποιία),

576 2408 626 2478 f.
673 2407 738 2461 de
778 2405 1069 2460 omissione
1107 2401 1478 2474 (παράλειψις).

373 2515 446 2573 11.
489 2515 570 2571 De
608 2515 806 2586 tropis:

495 2608 541 2662 1.
581 2605 648 2661 de
686 2604 1043 2659 translatione
1082 2601 1405 2672 (μεταφορὰ),

494 2695 543 2750 9.
581 2695 648 2749 de
685 2692 1046 2748 similitudine
1084 2690 1414 2762 (παραβολή),

493 2785 542 2840 3.
583 2785 650 2839 de
687 2784 962 2839 sententia
1002 2781 1239 2852 (γνώμη).

348 2895 452 2950 ΙΠ.
491 2894 574 2948 De
613 2891 1009 2962 compositione
1049 2896 1104 2945 et
1140 2905 1390 2943 numero:

498 2986 542 3037 1.
582 2983 649 3038 de
689 2997 941 3050 compare
987 2978 1312 3050 (παρίσωσις),

497 3073 547 3127 2.
586 3072 653 3126 de
691 3070 1118 3125 commutatione
1167 3067 1442 3140 (χιασμός),

495 3164 547 3217 3.
586 3161 655 3215 de
695 3176 947 3230 compare
986 3163 1042 3213 et
1094 3157 1518 3212 commutatione
1556 3156 1699 3209 inter
1737 3170 1796 3208 se
1834 3152 2150 3223 implicatis,

497 3252 549 3306 4.
589 3251 656 3305 de
694 3249 956 3305 clausula.

277 3359 337 3416 C.
421 3357 702 3424 Quomodo
758 3356 1124 3426 Hieronymus
1179 3354 1267 3407 his
1324 3349 1767 3407 exornationibus
1822 3350 1883 3402 in
1952 3348 2179 3402 diversis
2238 3343 2510 3400 scribendi

418 3449 707 3521 generibus
746 3463 878 3501 usus
916 3446 1005 3501 sit.
