3096 5132
1138 402 1577 466 ...63-

416 621 510 684 ep.
553 603 693 681 14,1
771 619 956 682 quem
1033 601 1424 682 praesentem
1494 599 1762 664 retinere
1831 619 1952 663 uon
2009 598 2232 681 valuit,
2301 618 2469 664 nunc

235 708 485 791 quaerit
530 707 872 773 absentem.

419 835 513 898 ep.
555 815 699 893 18,7
772 815 846 878 ut
918 863 930 877 .
984 865 997 878 .
1051 866 1064 879 .
1137 832 1248 896 pro
1304 814 1515 878 nostra
1564 814 1770 879 salute
1820 813 2160 898 sumsperit
2207 832 2478 880 carnem.

235 978 299 1039 4.
334 973 816 1040 Vocabulum
865 992 897 1037 e
943 971 1519 1056 praepositione
1567 975 1908 1056 pendens
1955 974 2139 1057 post
2183 974 2482 1038 verbum

1201 1081 1540 1164 ponitur:

421 1226 515 1288 ep.
556 1208 654 1287 1‚7
711 1256 723 1270 .
776 1255 790 1270 .
844 1256 858 1269 .
931 1205 1313 1288 ignarusque
1382 1205 1473 1268 rei
1521 1222 1735 1268 ensem
1795 1204 2069 1268 librabat
2115 1204 2182 1268 in
2228 1204 2481 1269 vulnus,

422 1332 520 1397 ep.
561 1314 661 1393 1,9
711 1311 976 1394 hymnos
1025 1309 1275 1375 edidere
1322 1328 1434 1394 pro
1480 1309 1753 1375 fletibus

425 1439 517 1502 ep.
561 1420 704 1500 1,12
756 1418 964 1483 subito
1016 1468 1028 1480 .
1083 1469 1096 1482 .
1150 1468 1163 1481 .
1215 1436 1437 1500 corpus
1486 1418 1806 1481 animatur
1852 1416 1931 1480 ad
1976 1417 2194 1482 vitam.

421 1546 514 1608 ep.
552 1525 659 1604 3,4
730 1525 837 1589 sed
914 1523 1005 1588 sic
1051 1523 1282 1588 melius
1332 1523 1581 1587 obviam
1628 1522 1879 1587 Christo
1928 1524 2207 1607 rapietur
2253 1524 2318 1588 in
2367 1542 2484 1587 nu-

242 1633 450 1700 bibus,

422 1760 515 1822 ep.
558 1740 693 1819 11,1
783 1737 860 1802 ob
937 1738 1128 1802 unius
1207 1736 1528 1801 morbidae
1607 1736 1865 1818 pecudis
1937 1737 2204 1801 salutem
2276 1739 2484 1823 angeli

235 1847 555 1912 laetantur
599 1846 663 1909 in
716 1845 904 1910 caelo,

419 1972 513 2035 ep.
555 1954 695 2033 13,1
752 1951 961 2014 animo
1011 1951 1403 2032 discrepante
1450 1970 1595 2015 cum
1641 1950 1869 2029 verbiS,

754 2057 1030 2121 oratione
1078 2056 1423 2120 dissidente
1470 2075 1616 2120 cum
1661 2055 1863 2120 factis,

418 2185 510 2248 ep.
553 2165 699 2243 14,8
750 2164 855 2228 sed
908 2166 983 2228 de
1029 2163 1148 2227 hoc
1191 2164 1390 2245 gradu
1424 2164 1647 2245 pulsus
1681 2162 2041 2246 provocabis
2076 2163 2153 2227 ad
2188 2164 2464 2228 clericos,

419 2292 516 2355 ep.
558 2273 695 2352 18,1
749 2290 870 2334 non
921 2269 1263 2352 suspiravit
1315 2270 1395 2334 ad
1441 2271 1787 2334 dominum.

240 2436 299 2501 5.
349 2433 675 2497 Verbum
743 2432 1148 2495 infinitum
1217 2432 1388 2512 post
1456 2430 1769 2494 verbum
1829 2449 2103 2513 regens
2151 2431 2484 2513 ponitur

433 2578 526 2641 ep.
567 2560 668 2638 1,5
717 2556 918 2621 vetuit
967 2555 1128 2620 circa
1181 2575 1244 2619 se
1308 2554 1544 2620 saevire
1591 2556 1926 2620 tormenta.

435 2685 529 2747 ep.
576 2665 672 2744 1,ss
750 2663 1000 2747 gladius
1075 2714 1087 2727 .
1164 2713 1177 2726 .
1253 2713 1266 2726 .
1346 2664 1520 2726 velut
1600 2661 1924 2726 dominum
2019 2681 2204 2726 suum
2283 2661 2485 2726 victus

251 2771 561 2853 aspiciens
611 2770 926 2834 confessus
976 2770 1069 2833 est
1117 2788 1182 2833 se
1228 2769 1415 2833 ferire
1463 2788 1585 2832 non
1638 2786 1831 2850 posse.

431 2898 528 2961 ep.
564 2876 668 2958 3,2
718 2877 825 2959 pia
870 2876 1270 2940 festinatione
1318 2875 1633 2957 gradienti
1681 2875 1986 2939 valuisset
2031 2873 2351 2939 obsistere.

431 3003 524 3067 ep.
561 2985 665 3063 3,5
715 2986 788 3047 ut
835 3002 948 3065 ego
997 2983 1240 3064 primus
1289 2982 1598 3067 coeperim
1648 2981 1810 3047 velle
1857 2985 1920 3046 te
1968 2982 2186 3046 colere.

430 3110 523 3172 ep.
560 3094 656 3171 4,1
715 3090 1035 3154 mutorum
1085 3090 1278 3153 etiam
1328 3088 1531 3172 potest
1576 3106 1684 3152 ora
1730 3088 1953 3153 laxare.

438 3218 533 3280 ep.
577 3198 719 3277 14‚2
793 3196 1185 3260 adversarius
1256 3195 1323 3259 in
1395 3196 1641 3278 pectore
1695 3196 1804 3259 tuo
1856 3194 2178 3261 Christum
2227 3196 2489 3259 conatur

249 3302 547 3368 occidere.

434 3428 528 3491 ep.
572 3409 714 3490 14‚7
765 3409 877 3471 ubi
923 3408 1135 3472 minus
1184 3410 1297 3489 est,
1347 3409 1695 3491 perfectum
1744 3428 1864 3472 non
1913 3409 2120 3491 potest
2167 3407 2314 3471 dici.

430 3536 523 3599 ep.
569 3517 705 3595 15,1
778 3533 878 3578 me
949 3533 986 3577 a
1042 3514 1350 3595 pretiosae
1396 3514 1777 3597 margaritae
1827 3514 2031 3596 potuit
2077 3512 2488 3596 inquisitione

256 3622 604 3705 prohibere.

435 3748 529 3812 ep.
576 3729 717 3808 18,4
767 3742 908 3792 cum
983 3780 995 3793 .
1046 3775 1062 3791 .
1117 3778 1129 3791 .
1200 3747 1323 3792 non
1397 3729 1585 3791 deum
1660 3728 1922 3810 patrem,
2003 3727 2110 3790 sed
2172 3724 2492 3790 Christum

259 3834 497 3899 scribat
543 3853 675 3898 esse
723 3836 1142 3915 conspectum.

261 3996 322 4059 6.
392 3994 860 4058 Vocabulum
929 4013 966 4057 a
1034 4013 1165 4058 suo
1237 3993 1622 4058 adiectivo
1692 3994 1812 4057 vel
1884 4011 2059 4057 casu
2130 3991 2490 4074 genetivo

1016 4102 1239 4165 verbo
1288 4099 1718 4164 dirimitur:

435 4243 530 4306 ep.
575 4226 674 4304 1,2
727 4225 1106 4306 gubernator
1155 4223 1421 4308 putabor
1467 4223 1794 4289 infirmior.

434 4350 524 4413 ep.
571 4332 669 4409 1,7
743 4350 928 4412 super
998 4331 1372 4397 trementem
1432 4329 1735 4393 cervicem
1782 4329 2022 4394 micans
2074 4330 2351 4393 elevatus
2400 4331 2493 4392 est

257 4438 530 4518 gladius,
