3096 5132
1122 387 1561 450 -67-

397 581 615 663 Neque
686 582 762 646 de
830 580 931 645 his
1001 583 1255 647 uberius
1328 603 1511 666 agere
1580 584 1741 648 mihi
1789 584 1854 648 in
1905 584 2115 648 animo
2165 586 2280 666 est,
2352 586 2460 650 sed

209 688 469 752 tantum
540 687 1034 753 similitudinum
1105 691 1168 754 et
1236 690 1704 774 compositionis
1763 692 2095 755 verborum
2153 692 2459 755 rationem

209 794 480 859 habebo.

933 961 979 1023 1.
1030 960 1124 1024 De
1173 958 1742 1025 commentariis.

395 1098 466 1161 In
527 1099 1011 1180 commentariiS,
1082 1100 1366 1182 quamvis
1421 1099 1833 1184 longissimae
1882 1102 2030 1180 sint,
2078 1120 2276 1183 pauca
2324 1121 2459 1166 me-

208 1205 462 1269 moratu
512 1204 706 1289 digna
751 1206 1184 1286 inveniuntur,

398 1313 571 1376 velut
639 1313 702 1376 in
779 1312 973 1395 praef.
1044 1312 1196 1376 libri
1228 1311 1292 1375 II
1340 1316 1424 1395 (p.
1462 1312 1648 1391 859):
1753 1314 1900 1394 „qui
1949 1332 2129 1396 saepe
2176 1314 2454 1396 navigat,

212 1417 557 1500 aliquando
615 1419 856 1502 patitur
903 1420 1370 1501 tempestatem3
1462 1419 1572 1502 qui
1619 1418 1786 1484 viam
1834 1419 2194 1502 frequenter
2241 1420 2454 1503 ingre-

210 1524 408 1604 ditur,
460 1526 571 1589 aut
603 1526 872 1590 sustinet
920 1526 1237 1589 latronum
1282 1524 1559 1608 impetus
1613 1527 1722 1589 aut
1769 1527 1936 1591 certe
1968 1527 2214 1609 metuit,
2251 1528 2452 1592 omni-

212 1650 336 1713 que
406 1631 470 1694 iu
532 1632 664 1696 arte
720 1634 850 1695 tam
899 1632 1102 1715 gloria
1151 1649 1334 1715 quam
1387 1632 1756 1697 obtrectatio
1805 1633 2095 1698 secundis
2144 1633 2455 1699 adversis-

210 1757 333 1819 que
403 1739 605 1803 ventis
676 1738 893 1818 oritur,
967 1739 1119 1802 dum
1178 1739 1287 1802 aut
1333 1738 1521 1802 amici
1569 1739 1711 1822 plus
1763 1740 1984 1804 merito
2032 1740 2297 1805 laudant
2345 1743 2455 1805 aut

208 1844 459 1909 inimici
531 1846 676 1929 plus
750 1846 915 1910 iusto
988 1846 1357 1924 detrahunt3
1451 1865 1791 1930 rarumque
1847 1846 2153 1929 invenias,
2232 1847 2454 1930 quiin

207 1951 545 2035 utramque
601 1955 841 2034 partem
904 1972 1024 2017 non
1073 1952 1283 2016 favore
1330 1954 1440 2016 aut
1486 1952 1649 2034 odio,
1722 1953 1829 2017 sed
1877 1973 2085 2018 rerum
2135 1955 2452 2038 aequitate

210 2057 510 2123 ducatur:
606 2059 771 2142 quod
840 2058 1002 2123 mihi
1070 2059 1137 2122 in
1210 2059 1665 2141 scripturarum
1714 2059 2147 2142 explanatione
2195 2061 2450 2127 sudanti

209 2164 490 2230 accidere
539 2166 740 2231 video.
832 2165 966 2230 Alii
1013 2165 1181 2230 enim
1231 2219 1243 2231 .
1299 2217 1311 2231 .
1366 2217 1379 2230 .
1433 2215 1469 2247 .‚
1520 2167 1631 2231 alii
1684 2215 1696 2229 .
1750 2217 1762 2229 .
1817 2219 1830 2232 .
1884 2168 1939 2231 .“

394 2272 573 2336 Adde
620 2273 1071 2355 praefationem
1125 2273 1274 2337 libri
1307 2272 1402 2336 111
1451 2277 1534 2357 (p.
1575 2276 1758 2353 905):
1827 2272 2125 2355 „tertium
2180 2274 2245 2339 in
2296 2274 2454 2339 Osee

210 2378 580 2461 prophetam
653 2380 963 2444 dictamus
1035 2380 1271 2444 librum
1343 2382 1406 2443 et
1475 2381 1554 2444 ad
1610 2400 1825 2445 vaccas
1875 2380 2194 2445 Bethaven
2253 2401 2452 2464 usque

209 2486 629 2568 pervenimus,
701 2488 1004 2570 nobisque
1077 2486 1615 2572 interpretationis
1686 2487 1826 2551 vela
1895 2487 2319 2572 pandentibus
2380 2491 2451 2553 tu

209 2593 399 2657 debes
469 2595 906 2678 propheticum
976 2595 1142 2659 illud
1214 2593 1447 2659 dicere:
1544 2598 1600 2658 ‘a
1676 2595 1970 2678 quattuor
2041 2596 2244 2659 ventis
2295 2596 2450 2660 caeli

208 2701 372 2780 veni,
436 2701 739 2783 spiritus',
810 2705 883 2767 ut
941 2702 1129 2767 celeri
1177 2721 1362 2765 cursu
1410 2702 1613 2765 varios
1663 2701 2106 2765 insidiantium
2153 2704 2440 2784 scopulos

210 2808 607 2872 transeuntes
679 2828 913 2872 merces
964 2808 1310 2872 dominicas
1362 2828 1434 2871 ex
1480 2807 1652 2871 omni
1700 2809 1876 2890 parte
1924 2809 2239 2873 saeviente
2286 2829 2443 2873 nau—

205 2912 408 2996 fragio
480 2915 559 2978 ad
630 2917 846 2998 portus
917 2915 1270 2979 tutissimos
1343 2914 1794 2997 perferamus“.
1892 2914 2212 2981 Cf.f1.111
2260 2936 2309 2979 c.
2369 2918 2447 2979 10

211 3022 299 3103 (p.
339 3022 513 3101 913).

384 3127 513 3192 Has
549 3128 790 3193 ascribo
825 3128 1407 3213 comprehensiones
1425 3113 1443 3190 ε’

385 3253 428 3317 6
456 3268 529 3319 a:
605 3253 644 3317 l.
680 3253 711 3316 Ι
758 3272 808 3320 c.
846 3258 886 3318 4
936 3258 1018 3336 (p.
1056 3254 1241 3333 853):
1306 3251 1553 3333 quando
1601 3250 1833 3315 videris
1881 3254 2266 3334 peccatorem

680 3358 932 3424 ‚divitiis
982 3359 1257 3433 affluere,

684 3465 917 3531 iactare
965 3485 1029 3530 se
1076 3466 1374 3550 potentia,

685 3573 952 3638 sanitate
1001 3574 1293 3656 gaudere,

686 3679 983 3744 delectari
1028 3680 1311 3763 coniuge,

684 3804 903 3849 corona
949 3785 1325 3850 circumdari
1370 3784 1736 3864 liberorum,

687 3892 750 3955 et
796 3891 1051 3977 impleri
1097 3894 1278 3974 illud,
1330 3893 1497 3976 quod
1547 3941 1562 3955 .
1616 3941 1628 3954 .
1682 3941 1695 3955 .
1748 3917 1792 3971 ‚3

1208 4055 1250 4120 2
1284 4052 1349 4118 -Ι-
1377 4054 1448 4119 2:

382 4175 424 4239 l.
459 4175 555 4238 III
602 4194 654 4241 c.
694 4179 767 4239 11
821 4180 906 4260 (p.
944 4179 1127 4258 915):
1192 4175 1481 4241 desinant

468 4318 694 4383 rugare
739 4299 1030 4381 frontem,

414 4325 776 4488 {adducere
824 4407 1265 4489 supercilium3
