3096 5132
1527 432 1960 494 —60—

812 649 906 712 ep.
948 630 1136 706 118‚7
1192 679 1204 691 .
1258 678 1271 690 .
1325 679 1338 692 .
1400 626 1619 690 domus
1694 627 1812 706 dei,
1885 627 1950 690 in
2026 647 2148 708 qua
2218 625 2447 690 cotidie
2510 626 2880 689 ascenditur

627 747 809 818 atque
856 735 1273 797 descenditur.

807 861 899 923 ep.
946 842 1177 916 125,14
1249 841 1320 903 ut
1390 860 1508 903 non
1585 839 1710 903 levi
1781 840 2129 921 usitatoque-
2179 858 2479 919 sermone,
2552 840 2613 902 et
2658 840 2732 901 ut
2786 840 2878 902 ita

629 947 866 1029 loquar,
940 947 1204 1009 summis
1276 946 1463 1009 labiis
1532 946 1807 1028 hospites
1868 945 2228 1025 invitemus,
2301 945 2408 1008 sed
2458 947 2585 1007 toto
2634 945 2875 1008 mentis

630 1054 847 1117 ardore
918 1054 1242 1115 teneamus
1315 1052 1491 1133 quasi
1567 1052 1915 1115 auferentes
1989 1071 2199 1115 secum
2266 1053 2341 1115 de
2412 1053 2586 1114 lucro
2658 1053 2877 1115 nostro

628 1170 807 1242 atque
855 1157 1239 1241 compendio.

808 1285 901 1348 ep.
938 1268 1043 1345 4,·2
1093 1264 1204 1327 ille
1253 1266 1434 1328 modo
1484 1284 1548 1328 se
1599 1265 1756 1328 lavit
1802 1276 1854 1327 et
1901 1267 2175 1329 mundus
2226 1267 2338 1345 est,

812 1375 872 1436 et
918 1374 1243 1452 tamquam
1291 1372 1393 1434 nix
1442 1372 1789 1435 dealbatus,

808 1499 901 1561 ep.
944 1482 1125 1560 14‚11
1185 1478 1525 1542 exsultabis
1578 1478 1641 1541 et
1688 1478 1922 1542 ridebis
1973 1482 2028 1540 et
2077 1478 2265 1541 (11005.

809 1605 902 1667 ep.
941 1587 1132 1665 21,39
1184 1586 1248 1648 in
1299 1585 1421 1648 alio
1470 1586 1605 1648 loco
1655 1585 1986 1648 confitetur
2034 1595 2086 1646 et
2136 1584 2441 1647 clamitat.

810 1713 903 1774 ep.
941 1694 1089 1772 39‚·2
1139 1691 1503 1754 imminebit
1552 1711 1737 1773 super
1789 1693 1936 1755 haec
1985 1694 2044 1755 et
2078 1693 2235 1753 dura
2269 1691 2615 1772 pauperieS,
2664 1690 2880 1771 frigus

633 1800 896 1881 languor
943 1803 998 1861 et
1043 1799 1319 1862 nuditas,

809 1926 902 1987 ep.
946 1909 1086 1984 1855
1141 1906 1342 1969 cetera
1395 1957 1406 1968 .
1461 1957 1472 1968 .
1528 1957 1539 1968 .
1595 1906 1656 1967 in
1709 1906 1866 1968 facie
1913 1904 2298 1987 pedibusque
2344 1905 2649 1967 texerunt.

816 2033 910 2095 ep.
950 2014 1097 2091 20,ss
1147 2011 1300 2075 haec
1369 2013 1539 2075 iuxta
1611 2012 2108 2075 mediocritatem
2160 2030 2377 2074 sensus
2426 2011 2550 2074 mei
2599 2011 2885 2074 brevit-er

638 2119 1027 2202 strictimque
1076 2119 1309 2182 dictavi
1327 2119 1389 2198 ¹).

815 2246 908 2309 ep.
948 2228 1094 2307 21‚5
1148 2225 1417 2288 delicate
1465 2225 1776 2306 otioseque
1822 2225 2242 2295 tractandum.

811 2353 908 2415 ep.
946 2335 1093 2413 ‘225
1148 2334 1209 2395 et
1256 2333 1457 2395 laetus
1507 2332 1905 2415 gaudensque
1952 2333 2299 2395 cantabam.

813 2459 908 2520 ep.
947 2440 1135 2515 2231
1191 2431 1395 2501 aliena
1445 2437 1624 2500 nobis
1674 2440 1810 2501 auri
1860 2439 2223 2521 argentique
2257 2439 2403 2501 sunt
2449 2438 2742 2520 pondera.

811 2565 905 2628 ep.
944 2546 1093 2625 36,3
1146 2544 1555 2627 dominusque
1601 2545 1989 2627 respondeat.

813 2650 1021 2715 Huius
1069 2650 1241 2714 modi
1289 2651 1575 2732 exempla
1620 2651 1800 2715 mille
1849 2653 2106 2714 exstant.

814 2759 978 2822 Aliis
1035 2758 1190 2822 locis
1251 2776 1426 2820 voces
1490 2757 2038 2821 coniunctionibus
2088 2758 2359 2839 demptis
2411 2757 2717 2821 dissolute
2763 2776 2889 2839 po-

635 2868 892 2942 nuntur,
942 2866 1142 2928 velut:

812 2991 904 3052 ep.
947 2972 1096 3050 39‚7
1146 2969 1294 3033 hinc
1364 2969 1430 3032 in
1502 2990 1641 3033 mea
1709 2973 1918 3033 mente
1992 2969 2258 3033 defixam
2327 2971 2541 3053 legent
2597 2970 2890 3051 virgines

637 3080 862 3142 viduae
909 3077 1201 3140 monachi
1250 3078 1616 3141 sacerdotes,

816 3183 1007 3249 ibid:
1075 3183 1289 3247 audiet
1336 3203 1434 3246 me
1485 3203 1729 3267 semper
1777 3185 2132 3265 loquentem
2182 3203 2324 3246 cum
2375 3204 2597 3264 sorore,

2198 3309 2341 3352 cum
2388 3292 2605 3353 matre.

815 3418 910 3479 ep.
947 3398 1097 3477 45,6
1149 3396 1365 3459 statim
1414 3396 1642 3460 incidit
1688 3397 1752 3458 in
1804 3396 2096 3477 latroneS‚
2158 3398 2462 3478 spoliatur
2511 3396 2895 3460 vulneratur

640 3504 964 3568 occiditur.

817 3632 912 3694 ep.
952 3613 1094 3690 50,1
1153 3609 1375 3673 scribis
1448 3610 1616 3672 enim
1678 3628 1779 3672 eos
1831 3662 1843 3675 .
1900 3658 1913 3672 .
1965 3659 1980 3674 .
2031 3610 2248 3691 libros,
2301 3630 2453 3692 quos
2505 3611 2719 3673 contra
2767 3611 2890 3673 Jo-

638 3719 962 3782 vinianum
1012 3718 1255 3799 scripsi,
1308 3717 1528 3779 canino
1582 3716 1764 3779 dente
1811 3719 2028 3779 rodere
2075 3718 2349 3780 lacerare
2398 3715 2764 3781 convellere.

815 3845 908 3907 ep.
952 3826 1144 3904 107,9
1194 3824 1437 3904 placeat
1507 3823 1562 3886 ei
1628 3843 1830 3886 comes
1890 3843 2011 3887 non
2062 3826 2309 3905 compta
2357 3828 2539 3907 atque
2585 3824 2890 3904 formosa,

639 3948 797 4014 quae
847 3930 1088 4013 liquido
1157 3931 1411 4011 gutture
1461 3949 1710 3993 carmen
1783 3929 1964 3993 dulce
2015 3930 2399 3993 moduletur:
2491 3932 2594 3993 scd
2671 3931 2893 4012 gravis

636 4040 879 4121 pallens
930 4038 1250 4101 sordidata
1299 4036 1643 4100 subtristis,

822 4146 993 4208 Audi
1041 4144 1232 4207 etiam
1281 4143 1470 4207 huius
1520 4144 1690 4206 modi
1739 4143 2052 4225 exempla:

832 4393 870 4461 ¹)
917 4393 997 4445 Cf.
1038 4410 1121 4460 ep.
1175 4396 1331 4458 22,28
1389 4393 1626 4444 breviter
1664 4393 1984 4463 strictimque
2031 4393 2347 4445 describam.
2426 4394 2685 4447 Similiter
2723 4395 2896 4445 etiam

643 4499 876 4550 saepius.
