3096 5132
300 1524 405 1638 A.
489 1522 739 1642 Quid
813 1519 1494 1661 Hieronymus
1569 1526 1670 1635 in
1753 1525 2209 1660 epistulis
2285 1524 2403 1635 de

458 1707 909 1816 oratione
989 1705 1568 1816 exornanda
1645 1703 2263 1816 iudicaverit.

417 1918 490 1981 In
562 1918 784 2000 lingua
831 1917 1058 1981 Latina
1127 1916 1295 1980 haud
1344 1916 1523 1999 parvi
1592 1916 1894 1980 momenti
1967 1935 2099 1981 esse
2148 1916 2477 1998 scriptores

234 2025 711 2105 ecclesiasticOS,
785 2025 974 2089 etiam
1045 2026 1125 2089 ad
1196 2024 1698 2107 cognoscendum
1770 2024 1924 2087 artis
1984 2023 2285 2087 oratoriae
2331 2043 2474 2106 pro-

234 2152 540 2214 gressum,
590 2132 756 2196 inter
804 2151 1015 2196 omnes
1066 2131 1325 2196 constat.
1423 2129 1562 2208 Qua
1608 2132 1861 2213 propter
1907 2150 2032 2194 non
2079 2130 2314 2195 mirum
2363 2131 2475 2211 est,

235 2239 399 2324 quod
472 2239 598 2303 iam
667 2239 888 2302 multis
962 2238 1594 2302 commentationibus
1675 2237 1749 2302 de
1819 2238 2214 2319 singulorum
2278 2238 2474 2302 eccle-

236 2347 365 2411 siae
418 2346 794 2430 scripto'rum
843 2364 1068 2429 genere
1118 2346 1380 2410 dicendi*
1416 2345 1756 2409 tractatum
1806 2347 1919 2409 est.
2011 2345 2221 2410 Etiam
2252 2345 2476 2410 Hiero-

232 2473 495 2538 nymum
546 2453 982 2519 doctissimum
1017 2451 1516 2517 Christianorum
1554 2453 1923 2517 Latinorum
1969 2453 2036 2516 in
2085 2453 2202 2516 hac
2249 2472 2314 2517 re
2354 2472 2476 2517 non

230 2562 697 2646 neglegendum
775 2580 911 2625 esse
989 2560 1477 2625 consentaneum
1556 2560 1680 2641 est3
1800 2560 1862 2625 et
1939 2558 2326 2643 scripserunt
2403 2560 2477 2625 de

231 2669 602 2754 Hieronymi
674 2688 897 2754 genere
969 2667 1219 2732 dicendi
1288 2668 1627 2733 Paucker
1698 2669 1759 2732 et
1807 2667 2137 2750 Goelzer,
2212 2687 2478 2752 quorum

232 2776 342 2841 ille
373 2778 704 2841 verborum
739 2776 1001 2859 copiam,
1047 2775 1151 2840 hic
1184 2775 1499 2858 imprimis
1535 2774 2061 2840 constructionem
2094 2776 2476 2857 tractavit1).

234 2884 354 2949 Sed
403 2904 581 2949 nemo
655 2885 862 2949 adhuc
930 2883 1115 2967 plane
1163 2883 1637 2965 demonstravit,
1688 2903 1844 2966 quae
1892 2883 2312 2967 Hieronymus
2362 2886 2473 2949 ad-

237 2992 520 3056 iumenta
591 2990 669 3055 ad
742 3010 1090 3055 sermonem
1161 2991 1582 3055 exornandum
1656 2990 2052 3071 adhibuerit3
2130 3011 2329 3075 pauca
2400 2993 2479 3055 ad

233 3118 369 3162 eam
400 3118 531 3162 rem
567 3099 948 3181 pertinentia
978 3098 1279 3161 Norden
1315 3098 1670 3162 observavit
1686 3097 1750 3178 2).
1812 3098 2012 3177 Quam
2048 3099 2479 3181 quaestionem

233 3205 540 3289 copiosius
588 3206 856 3270 tractare
905 3224 1017 3289 ego
1065 3205 1225 3269 mihi
1274 3205 1590 3287 proposui.
1686 3204 1893 3288 Atque
1952 3206 2024 3269 ut
2070 3205 2478 3288 inscriptione

233 3312 520 3395 opusculi
552 3331 908 3395 expressum
949 3312 1062 3393 est,
1099 3312 1400 3394 epistulas
1433 3312 1814 3395 perquiram,
1850 3331 2006 3393 quae
2043 3314 2119 3376 ad
2153 3312 2476 3397 proprium

235 3419 605 3503 Hieronymi
682 3420 903 3483 stilum
981 3419 1480 3502 cognoscendum
1560 3419 1828 3483 maxime
1905 3419 2164 3483 idoneae
2243 3419 2474 3501 sunt3).

235 3527 474 3594 Tamen
543 3527 747 3591 facere
817 3547 938 3591 non
998 3545 1275 3610 possum,
1350 3527 1503 3609 quin
1552 3525 1619 3589 in
1668 3526 2065 3591 conclusione
2114 3526 2304 3590 etiam
2353 3526 2480 3592 alia

235 3633 608 3717 Hieronymi
656 3653 841 3717 opera
887 3634 1161 3699 breviter
1208 3632 1538 3717 attingam.

412 3830 453 3898 ¹)
494 3830 552 3882 C.
609 3830 913 3882 Paucker
973 3829 1070 3896 „de
1124 3829 1391 3881 latinitate
1448 3829 1498 3881 b.
1557 3829 1893 3897 Hieronymi,
1951 3830 2351 3882 observationes
2409 3831 2476 3884 ad

232 3920 506 3971 nominum
543 3921 937 3987 verborumque
976 3937 1131 3971 usum
1170 3920 1537 3987 pertinentes“
1577 3918 1752 3970 Berol.
1786 3921 1938 3970 1880.
2014 3920 2272 3972 Zeitschr.
2313 3922 2349 3972 f.
2390 3922 2476 3972 die

233 4014 361 4062 ὕειν.
392 4009 584 4077 Gymn.
608 4013 818 4075 31‚881.
874 4010 1068 4061 Rhein.
1091 4010 1228 4060 MuS.
1257 4012 1468 4075 37‚556.
1491 4038 1557 4045 —-
1588 4010 1656 4059 H.
1687 4008 1968 4060 Goelzer
1998 4009 2190 4074 „etude
2217 4011 2475 4078 lexicogr.

229 4103 285 4149 et
322 4116 545 4166 gramm.
586 4100 652 4150 de
693 4102 747 4151 la
784 4099 994 4151 latinite
1035 4101 1101 4150 de
1143 4099 1294 4151 Saint
1333 4097 1585 4152 Jerome“
1623 4098 1777 4149 Paris
1821 4101 1973 4149 1884.

408 4187 451 4255 2>
490 4188 552 4239 Ε.
590 4188 854 4240 Norden
917 4189 1054 4254 „Die
1113 4189 1296 4240 antike
1352 4188 1726 4255 Kunstprosa“
1778 4188 2002 4256 Leipzig
2056 4192 2189 4240 1898
2254 4206 2306 4255 p.
2346 4192 2477 4254 6503

228 4293 282 4345 p.
322 4279 444 4329 947.

409 4365 452 4434 ⁸)
494 4366 573 4418 Cf.
599 4366 852 4419 Schanz
896 4368 1253 4433 „Geschichte
1293 4368 1390 4419 der
1415 4367 1718 4420 romischen
1739 4366 2064 4419 Litteratur“
2096 4368 2175 4419 IV
2207 4371 2230 4419 1
2264 4385 2317 4434 p.
2345 4371 2476 4419 444:

228 4455 391 4523 „wie
445 4456 762 4509 Ambrosius
818 4457 874 4508 in
931 4457 1028 4508 der
1064 4457 1288 4525 Predigt
1344 4458 1432 4508 die
1488 4457 1848 4509 litterarische
1891 4458 2129 4526 Gattung
2184 4458 2476 4527 gesunden‚

231 4545 320 4597 die
336 4533 566 4597 ‘seinem
608 4546 792 4599 Geiste
852 4563 935 4598 am
994 4547 1223 4599 meisten
1264 4547 1569 4615 entsprach‚
1628 4563 1686 4600 so
1747 4546 1817 4600 ist
1853 4548 1939 4600 bei
1980 4548 2341 4617 Hieronymus
2380 4548 2477 4600 das

229 4635 437 4690 seinem
478 4635 663 4691 Geiste
703 4636 1064 4706 adaquateste
1105 4637 1347 4689 Produkt
1385 4636 1480 4689 der
1517 4637 1720 4693 Brief“.
