3096 5132
1180 442 1572 513 ..ρῶ

255 643 406 713 licet
475 644 660 712 stilus
732 644 794 711 et
848 641 1265 731 ἐπιχειρήματα
1310 648 1421 711 tua
1466 646 1629 711 mihi
1674 646 2056 728 viderentur,
2107 648 2321 712 tamen
2369 665 2493 712 non

253 758 488 820 temere
536 754 996 838 exemplaribus
1054 754 1412 819 litterarum
1462 754 1843 818 credendum
1890 754 2170 838 putavi.“
2255 755 2496 834 Quibus

253 862 634 928 testimoniis
706 861 917 926 allatis
993 862 1145 926 satis
1219 861 1495 925 dilucide
1568 861 2069 925 demonstratum
2142 881 2274 926 esse
2345 863 2497 945 puto

254 970 711 1054 Hieronymum
781 970 946 1033 sicut
1017 970 1249 1033 ceteros
1321 968 1498 1033 illius
1550 968 1774 1032 aetatis
1821 969 1987 1032 viros
2037 968 2316 1032 erudit-os
2365 968 2497 1032 arte

253 1098 373 1142 non
448 1078 652 1142 solum
723 1075 1166 1161 grammatica,
1262 1076 1372 1140 sed
1450 1076 1648 1140 etiam
1725 1074 2037 1139 rhetorica
2114 1075 2499 1138 instructum

254 1185 470 1250 fuisse.

432 1291 568 1356 Iam
615 1290 814 1355 oritur
861 1291 1162 1373 quaestiO,
1234 1291 1449 1354 utrum
1503 1289 1850 1353 orationem
1897 1289 2315 1354 exornandam
2366 1308 2498 1354 esse

254 1397 625 1463 concesserit
697 1398 793 1462 vel
866 1398 1057 1462 etiam
1138 1397 1553 1481 postulaverit
1601 1416 1812 1461 necne.
1909 1395 2245 1479 Copiosum
2294 1415 2494 1480 genus

254 1505 506 1570 dicendi
574 1525 697 1569 non
769 1506 937 1588 apud
1009 1502 1419 1585 Christianos,
1493 1504 1601 1568 sed
1675 1503 1842 1586 apud
1898 1523 2174 1586 paganos
2222 1502 2496 1567 inveniri

255 1613 388 1694 ipse
438 1612 623 1676 dicit:

433 1740 527 1803 ep.
567 1720 709 1799 29,1
793 1718 1058 1800 „quodsi
1106 1718 1533 1801 eloquentiam
1582 1717 1851 1800 quaeriS,
1903 1717 2353 1782 Demosthenes
2403 1717 2494 1782 le-

254 1827 495 1908 gendus
545 1826 656 1890 aut
688 1825 939 1890 Tullius
989 1827 1114 1890 cst:
1172 1826 1225 1889 si
1275 1827 1663 1889 sacramenta
1713 1824 1944 1905 divina,
1996 1824 2194 1888 nostri
2234 1825 2497 1906 codiceS,

256 1934 366 2017 qui
415 1935 489 1998 de
531 1933 817 1997 Hebraeo
864 1931 929 1996 in
964 1931 1263 1996 Latinum
1310 1951 1432 1995 non
1483 1933 1644 1996 bene
1693 1932 2004 2011 resonant,
2057 1931 2497 2013 pervidendi“;

255 2060 349 2122 ep.
386 2043 533 2121 66,9
584 2040 695 2123 (ad
743 2038 1284 2122 Pammachium):
1370 2038 1729 2120 „simplices
1781 2037 2088 2120 epistulae
2135 2039 2281 2102 tuae
2331 2037 2502 2102 olent

253 2147 609 2229 prophetaS,
661 2145 973 2228 apostolos
1024 2145 1298 2227 sapiunt.
1356 2145 1530 2209 ’Non
1581 2146 2016 2209 cothurnatam
2067 2144 2321 2208 affectas
2372 2145 2499 2209 elo-

254 2254 576 2336 quentiam
624 2272 737 2316 1199
782 2272 953 2316 111019
1005 2271 1343 2336 puerorum
1393 2253 1649 2335 argutas
1700 2253 2104 2317 sententiolas
2148 2252 2214 2314 in
2249 2252 2497 2317 clausu-

256 2360 337 2424 lis
386 2361 643 2425 struis“.

432 2468 853 2551 Hieronymus
914 2467 1130 2531 utrum
1180 2466 1682 2531 Christianorum
1731 2486 1808 2530 an
1860 2484 2247 2550 paganorum
2300 2486 2498 2549 genus

263 2576 515 2640 dicendi
563 2576 867 2656 laudaret,
940 2576 1004 2639 in
1079 2576 1269 2639 dubio
1341 2578 1490 2640 erat.
1587 2576 1749 2640 Nam
1820 2578 1882 2640 et
1928 2574 2062 2657 ipse
2121 2576 2501 2659 elegantiam

263 2684 566 2747 sermonis
614 2684 833 2767 magni
882 2682 1257 2764 aestimavit,
1331 2683 1407 2746 cf.
1460 2701 1555 2765 ep.
1591 2684 1786 2762 2:430
1850 2701 2030 2763 „curn
2084 2734 2095 2747 .
2149 2733 2163 2745 .
2217 2733 2229 2745 .
2281 2683 2499 2746 Hiero-

264 2792 571 2873 solymam
618 2790 1006 2854 militaturus
1040 2809 1384 2874 pergerem,
1436 2790 1820 2854 bibliotheca
1856 2808 2043 2872 quam
2076 2788 2237 2852 mihi
2269 2789 2501 2852 Romae

259 2917 503 2961 summo
584 2899 792 2962 studio
871 2917 942 2962 ac
1011 2898 1222 2961 labore
1294 2897 1701 2976 confeceram,
1775 2915 1980 2961 carere
2052 2896 2304 2960 omnino
2376 2915 2497 2959 non

256 3007 556 3087 poteram.
636 3004 859 3088 Itaque
891 3005 1083 3068 miser
1117 3024 1229 3086 ego
1262 3005 1542 3068 lecturus
1572 3004 1858 3068 Tullium
1894 3004 2272 3068 ieiunabam.
2351 3004 2501 3067 Post

257 3113 533 3176 noctium
585 3114 830 3176 crebras
880 3111 1136 3195 vigilias
1189 3165 1201 3177 .
1256 3163 1268 3175 .
1323 3165 1335 3177 .
1389 3112 1653 3175 Plautus
1718 3112 2084 3175 sumebatur
2132 3111 2198 3173 in
2249 3130 2494 3174 manuS.

256 3218 323 3283 Si
395 3219 642 3302 quando
713 3218 778 3283 in
826 3220 1061 3283 memet
1134 3219 1345 3301 ipsum
1391 3238 1674 3283 reversus
1722 3217 2055 3302 prophetas
2103 3217 2311 3300 legere
2360 3236 2496 3281 coe-

254 3328 507 3409 pissem,
557 3347 759 3391 sermo
806 3325 1099 3391 horrebat
1144 3327 1490 3390 incultus“.

432 3434 826 3517 Quantopere
895 3433 994 3497 his
1067 3435 1251 3497 rebus
1322 3433 1487 3496 inter
1558 3453 1623 3497 se
1701 3432 2030 3497 contrariis
2088 3433 2342 3496 vexatus
2393 3430 2495 3512 sit,

254 3540 569 3624 imprimis
618 3561 687 3605 ex
736 3539 976 3604 somnio
1022 3539 1136 3604 illo
1187 3540 1603 3621 cognoscitur,
1656 3540 1820 3622 quod
1868 3541 1933 3603 in
1969 3541 2185 3603 eadem
2223 3538 2495 3621 epistula

253 3650 497 3726 narrat3
583 3668 696 3712 nec
754 3648 913 3711 mihi
962 3647 1187 3711 inutile
1235 3648 1484 3711 videtur
1533 3647 1905 3730 diligentius
1954 3646 2292 3728 inquirere,
2343 3665 2495 3727 quo-

250 3756 434 3819 modo
482 3755 635 3820 haec
682 3755 846 3820 inter
894 3775 958 3819 39
1007 3754 1315 3819 contraria
1364 3773 1656 3837 superare
1705 3753 2037 3817 studuerit.

430 3862 602 3926 Artis
651 3862 998 3927 rhetoricae
1047 3882 1233 3925 usum
1282 3862 1416 3945 ipse
1465 3862 1749 3925 concedit
1795 3861 1857 3923 in
1910 3880 2002 3942 ep.
2041 3861 2139 3939 6,1
2187 3859 2491 3940 „oratorio

249 3989 420 4034 more
490 3972 632 4053 post
679 3971 1050 4053 argumenta
1098 3971 1287 4033 testes
1358 3968 1729 4049 vocabo“¹);
1801 3968 1866 4031 in
1916 3988 2009 4049 ep.
2048 3969 2195 4045 60‚5
2246 3966 2380 4049 ipse
2428 3987 2493 4032 se

250 4077 625 4160 interrogat:
712 4076 1195 4156 „excideruntne
1242 4077 1361 4140 tibi
1431 4077 1763 4158 praecepta
1809 4073 2237 4154 rhetorum?“,
2309 4078 2373 4138 et
2429 4074 2493 4137 in

248 4184 464 4248 eadem
512 4184 780 4266 epistula
812 4184 895 4267 (c.
933 4184 1035 4266 8):
1093 4184 1281 4265 „haec
1312 4183 1644 4265 praecepta
1686 4184 1834 4246 sunt
1864 4181 2205 4262 rhetorum,
2255 4183 2327 4244 ut
2355 4231 2369 4245 .
2408 4184 2486 4245 .“.

426 4506 467 4575 ¹)
509 4505 590 4563 cf.
622 4522 742 4575 epp.
772 4508 919 4573 52,1;
983 4509 1130 4573 52,4;
1195 4511 1340 4576 81‚1;
1381 4490 1552 4558 'locos
1590 4504 1732 4557 infra
1771 4504 2030 4574 exscripsi
2077 4504 2153 4573 (p.
2189 4505 2294 4573 13).
