3096 5132
1103 428 1542 500 ...3⁴22

190 630 363 721 quod
407 636 689 720 tempore
739 631 803 699 et
852 633 1094 699 ratione
1141 634 1430 698 curatum
1479 632 1595 713 est,
1645 627 2233 697 commemoratione
2251 626 2438 697 exul-

190 747 461 811 cerem.“

375 871 428 934 E
499 887 726 934 scaena
795 867 950 934 haec
1024 865 1324 950 parabola
1395 865 1648 948 sumpta
1721 865 1846 930 est:
1955 866 2303 948 „quomodo
2372 864 2441 928 in

194 976 620 1042 theatralibus
671 973 912 1041 scaenis
965 993 1125 1039 unus
1176 975 1362 1057 atque
1386 971 1560 1037 idem
1605 971 1831 1037 histrio
1890 990 2060 1037 nunc
2105 971 2441 1036 Herculem

191 1083 492 1148 robustus
547 1080 845 1163 ostendit,
894 1099 1062 1146 nunc
1132 1077 1344 1145 mollis
1392 1078 1460 1142 in
1510 1079 1818 1143 Venerem
1888 1078 2225 1161 frangitur,
2273 1098 2442 1144 nunc

190 1190 508 1255 tremulus
569 1189 638 1253 in
687 1187 992 1272 Cybelen:
1087 1187 1180 1251 ita
1249 1187 1311 1250 et
1379 1205 1510 1267 neS,
1561 1185 1673 1267 qui
1742 1185 1797 1249 si
1867 1186 1943 1250 de
2010 1186 2247 1250 mundo
2316 1204 2441 1249 non

192 1316 496 1376 essemus,
547 1295 870 1360 odiremur
901 1314 936 1359 a
966 1294 1225 1374 munde,
1275 1294 1370 1358 tot
1414 1292 1720 1358 habemus
1753 1311 2160 1375 personarum
2208 1291 2439 1357 simili—

194 1403 456 1468 tudines
506 1404 659 1486 quot
704 1403 997 1485 peccata“
1050 1403 1173 1484 (ep.
1221 1401 1419 1483 433).

358 1526 717 1611 -Permagni
765 1526 1185 1611 Hieronymus
1236 1527 1446 1590 noster
1492 1524 1950 1608 virginitatem,
1997 1524 2225 1589 marito
2272 1545 2439 1589 mor-

192 1638 307 1701 tuo
355 1635 731 1700 viduitatem
782 1634 1104 1713 aestimat3
1185 1632 1440 1716 nuptias
1490 1651 1877 1716 quamquam
1932 1651 2057 1697 non
2107 1634 2297 1712 vetat,
2345 1635 2441 1697 ta-

195 1763 344 1808 men
392 1742 656 1807 minoris
714 1740 888 1806 facit.
982 1741 1184 1821 Quam
1235 1759 1367 1804 rem
1416 1738 1667 1824 saepius
1743 1739 2060 1804 similibus
2133 1741 2441 1823 explanat,

193 1850 379 1916 velut
455 1849 522 1913 in
603 1868 697 1932 ep.
780 1847 950 1926 663.
1046 1847 1258 1911 Aliam
1335 1846 1699 1929 parabolam
1777 1845 2137 1910 invenimus
2221 1847 2286 1910 in
2345 1867 2439 1930 ep.

196 1958 427 2039 2230:

192 2080 229 2193 J
255 2081 483 2162 „laudo
552 2079 828 2164 nuptiaS,

202 2190 443 2295 [laudo
492 2187 879 2273 coniugium,
934 2187 1042 2251 sed
1094 2184 1241 2271 quia
1288 2187 1448 2251 mihi
1495 2186 1776 2270 virgines
1826 2188 2163 2269 generant:

195 2299 340 2379 lego
465 2297 542 2361 de
590 2294 791 2378 spinis
849 2315 1075 2377 rosam,

467 2403 543 2467 de
591 2407 758 2468 terra
815 2422 1062 2483 aurum,

471 2510 545 2577 de
596 2509 830 2576 concha
877 2508 1350 2594 ma1·garitam.“

380 2637 546 2719 Lege
594 2636 783 2701 etiam
833 2656 926 2718 ep.
977 2637 1167 2717 48‚11
1229 2634 1532 2717 „ecclesia
1566 2635 1733 2699 enim
1767 2655 1889 2699 non
1919 2635 2174 2700 damnat
2219 2635 2441 2699 matri-

197 2744 432 2824 monia,
494 2745 605 2808 sed
654 2743 916 2808 subicit:
1017 2761 1130 2810 neec
1190 2742 1401 2824 abicit,
1452 2743 1561 2807 sed
1618 2741 1941 2825 dispensat
2010 2744 2230 2824 sciens,
2281 2743 2446 2806 sicut

203 2869 395 2932 supra
441 2854 562 2934 (ep.
615 2849 798 2933 483)
847 2849 1141 2929 diximuS,
1198 2849 1261 2913 in
1336 2849 1519 2913 domo
1575 2868 1809 2932 magna
1885 2868 2008 2913 non
2057 2850 2262 2914 solum
2310 2869 2444 2914 esse

201 2977 352 3023 vasa
399 2976 586 3022 aurea
634 2959 697 3021 et
744 2958 1061 3041 argentea,
1096 2956 1204 3020 sed
1239 2958 1301 3020 et
1347 2956 1562 3041 lignea
1586 2957 1648 3020 et
1685 2956 1980 3035 fictilia;“
2065 2956 2444 3040 quibuscum

197 3066 279 3131 cf.
337 3085 432 3148 ep.
483 3067 654 3146 529.

380 3190 638 3254 Furiam
687 3208 785 3252 ne.
812 3208 1043 3253 novum
1089 3188 1569 3253 matrimonium
1643 3188 1811 3253 ineat
1859 3188 2246 3272 adhortatur,
2297 3209 2444 3254 nam

205 3300 433 3379 „bruta
482 3316 728 3380 quoque
798 3296 1097 3361 animalia
1146 3297 1206 3360 et
1254 3315 1448 3380 vagae
1519 3315 1663 3360 aves
1734 3295 1799 3359 in
1873 3297 2122 3360 easdem
2191 3296 2443 3378 pedicas

196 3406 482 3487 retiaque
532 3423 654 3467 non
702 3402 1031 3468 incidunt“
1086 3406 1209 3486 (ep.
1260 3404 1472 3485 54‚4);
1553 3404 1630 3467 ef.
1682 3424 1777 3487 ep.
1841 3404 2037 3485 79‚10
2085 3404 2190 3484 (ad
2238 3402 2441 3468 Salvi-

200 3530 350 3575 nam
396 3510 704 3594 viduam).

382 3635 515 3700 Iam
575 3636 752 3717 pueri
803 3637 866 3699 et
936 3634 1252 3718 imprimis
1324 3635 1575 3719 puellae
1631 3635 1721 3700 ita
1783 3635 2094 3700 educandi
2142 3636 2308 3717 sunt,
2372 3640 2445 3700 ut

192 3743 566 3826 perpetuam
618 3742 1051 3826 virginitatem
1088 3744 1368 3822 servent3
1450 3762 1575 3826 qua
1608 3743 1683 3807 de
1717 3761 1904 3807 causa
1949 3744 2252 3824 magistro
2287 3762 2442 3826 opus

194 3851 320 3914 est:
435 3849 651 3932 „nulla
719 3850 952 3933 (enim)
1024 3868 1122 3912 ars
1198 3849 1432 3932 absque
1500 3849 1806 3933 magistro
1856 3849 2139 3914 discitur.
2234 3851 2444 3915 Etiam

192 3958 372 4022 muta
420 3957 720 4022 animalia
767 3958 829 4021 et
874 3957 1149 4022 ferarum
1209 3975 1433 4040 greges
1509 3958 1797 4022 ductores
1878 3959 2229 4042 sequuntur
2299 3979 2442 4023 suos

194 4116 210 4129 .
264 4114 278 4128 .
332 4066 386 4128 .“
440 4066 564 4148 (ep.
622 4066 902 4145 125,15).
999 4063 1333 4148 Magister,
1383 4065 1481 4128 vel
1556 4066 1862 4149 magistra
1937 4066 2185 4147 „sobria
2233 4067 2442 4149 gravis

194 4171 450 4236 lanifica
503 4177 665 4253 (esse
714 4172 922 4253 debet)
979 4172 1041 4236 et
1118 4192 1190 4236 ea
1260 4172 1508 4236 tantum
1587 4173 1872 4255 loquenS,
1925 4192 2082 4255 quae
2159 4173 2475 4260 ani-mum·

190 4279 545 4362 puellarem
593 4279 671 4343 ad
722 4278 1025 4344 virtutem
1086 4273 1445 4343 instituant.
1542 4278 1627 4343 Ut
1674 4279 1842 4342 enim
1892 4298 2056 4361 aqua
2125 4280 2190 4343 in
2242 4281 2445 4345 areola

193 4385 473 4468 digitum
522 4384 806 4467 sequitur
866 4386 1362 4468 praecedentem,
1410 4386 1502 4449 ita
1572 4387 1740 4450 aetas
1814 4386 2025 4449 mollis
2096 4387 2308 4450 tenera
2376 4387 2443 4451 in

194 4494 532 4578 utramque
580 4494 822 4577 partem
887 4490 1180 4557 flexibilis
1254 4494 1457 4557 estet
1527 4512 1920 4579 quocumque
1994 4494 2266 4574 duxvris,
2315 4496 2442 4559 tra-
