3096 5132
1553 391 1990 460 ...5οΜ

651 608 791 660 ecce
861 613 1004 659 cum
1070 590 1348 659 nubibus
1421 589 1851 658 debellaturus
1907 589 2117 657 orbem
2197 588 2538 675 imperator
2616 589 2910 657 armatus

651 700 971 787 egreditur
1006 750 1287 767 .....
1296 704 1326 735 “

826 810 902 874 In
951 829 1046 895 ep.
1091 786 1237 891 130,
1244 811 1280 872 5
1331 808 1799 875 Demetriadem
1848 806 2161 893 virginem
2209 808 2449 874 monet:

656 937 941 1000 „assume
985 918 1006 968 f
1031 918 1281 983 scutum
1350 916 1518 998 fidei,

1025 1025 1288 1091 loricam
1345 1025 1647 1106 iustitiae,

1028 1133 1274 1217 galeam
1325 1133 1572 1214 salutis,

677 1240 939 1325 procede
1030 1242 1108 1305 ad
1155 1239 1525 1325 proelium.“

829 1349 1139 1414 Adscribo
1188 1368 1281 1432 ep.
1321 1349 1508 1431 66,11
1566 1348 1671 1428 (ad
1730 1346 2228 1427 Pammachium,
2281 1347 2390 1433 qui
2438 1347 2909 1412 xenodochium

651 1457 1094 1541 exstruxerat):
1204 1456 1430 1538 „audio
1501 1457 1566 1520 te
1622 1455 2077 1521 xenodochium
2125 1455 2191 1520 in
2242 1455 2429 1538 portu
2499 1453 2721 1519 fecisse
2772 1454 2906 1518 Ro-

647 1584 832 1630 mano
888 1570 950 1630 et
995 1563 1243 1647 virgam
1314 1565 1390 1629 de
1452 1564 1672 1630 arbore
1719 1563 2040 1628 Abraham
2110 1563 2174 1627 in
2226 1562 2505 1627 Ausonio
2573 1560 2909 1646 plantasse

647 1672 851 1739 litore.
948 1671 1146 1751 Quasi
1193 1672 1433 1738 Aeneas
1492 1691 1654 1736 nova
1700 1673 1907 1736 castra
1952 1671 2211 1736 metaris
2283 1671 2346 1735 et
2402 1688 2586 1752 super
2655 1671 2907 1735 undam

650 1780 918 1861 TiberiS,
968 1780 1080 1845 ubi
1128 1780 1238 1846 ille
1287 1781 1545 1864 cogente
1594 1780 1909 1862 quondam
1980 1779 2245 1862 penuria
2291 1777 2521 1844 crustis
2591 1776 2906 1842 fatalibus

649 1890 713 1952 et
760 1888 1016 1972 quadris
1067 1887 1305 1972 patulis
1340 1907 1462 1952 non
1512 1887 1812 1970 pepercit,
1860 1889 1928 1952 tu
1987 1885 2268 1951 viculum
2328 1886 2631 1966 nostrum,
2682 1884 2748 1949 id
2803 1885 2906 1949 est

651 1996 910 2060 domum
977 1995 1157 2079 panis
1207 1995 1534 2061 Bethleem
1606 1993 1898 2060 aedificas
1957 1995 2020 2059 et
2078 1993 2445 2059 diuturnam
2515 1993 2748 2058 famem
2802 2011 2905 2056 re-

645 2103 907 2189 pentina
954 2104 1286 2169 saturitate
1345 2104 1772 2188 compensaS.“

830 2209 1060 2277 Contra
1105 2210 1450 2276 haereticos
1485 2211 1547 2275 et
1577 2229 1852 2294 paganos
1901 2209 2086 2275 miles
2115 2206 2509 2274 Christianus
2560 2206 2905 2292 scripturis

649 2320 916 2404 pugnat,
968 2319 1046 2383 cf.
1098 2339 1191 2403 ep.
1246 2319 1396 2399 57,4
1450 2318 1629 2401 „volo
1677 2316 1741 2383 in
1793 2316 2098 2382 chartulis
2131 2316 2289 2381 meis
2341 2367 2354 2381 .
2409 2367 2421 2381 .
2476 2366 2489 2381 .
2541 2314 2904 2380 remordere

646 2426 989 2505 laedenteS‚
1041 2426 1323 2511 digerere
1373 2424 1789 2509 stomachum,
1837 2424 1905 2489 in
1950 2424 2104 2491 locis
2151 2444 2252 2489 me
2303 2442 2580 2490 exercere
2614 2441 2902 2488 commu-

649 2533 840 2601 nibus
891 2535 952 2599 et
1000 2534 1183 2621 quasi
1233 2533 1498 2600 limatas
1537 2533 1617 2598 ad
1664 2533 2080 2619 pugnandum
2128 2532 2393 2617 sagittas
2441 2531 2799 2615 repone1·e.“

825 2644 1092 2708 Peccata
1140 2641 1486 2707 Christiani
1535 2641 1717 2726 quasi
1753 2642 2016 2706 vulnera
2049 2660 2078 2705 a
2118 2641 2369 2705 diabolo
2418 2640 2672 2722 accepta
2720 2639 2899 2721 sunt,

649 2752 726 2815 cf
779 2771 872 2833 ep.
926 2752 1006 2813 77
1015 2750 1076 2830 ‚3
1155 2749 1506 2833 „(Fabiola)
1568 2751 1717 2814 dum
1790 2748 1992 2813 mult-1
2065 2747 2303 2812 diaboli
2380 2746 2543 2812 vitat
2610 2744 2903 2827 vulnera,

646 2877 846 2921 unum
898 2858 1149 2922 incauta
1195 2858 1425 2922 vulnus
1476 2857 1778 2940 accepitf‘

826 2966 998 3045 Quae
1045 2964 1304 3029 vulnera
1351 2963 1601 3057 acribus
1651 2964 2043 3030 sermonibus
2093 2962 2302 3027 sanari
2359 2962 2609 3042 debent,
2661 2962 2740 3025 cf.
2791 2981 2898 3044 cp

654 3074 798 3153 117,
808 3074 845 3136 2
904 3073 1196 3144 (matrem
1256 3076 1316 3137 et
1383 3053 1606 3153 filiam,
1658 3091 1817 3155 quae
1880 3070 2044 3135 inter
2115 3090 2178 3135 se
2259 3068 2671 3149 dissidebant,
2720 3068 2899 3132 vitu-

645 3182 879 3264 perat):
987 3179 1253 3259 „deinde
1335 3180 1450 3243 hoc
1521 3181 1795 3256 obsecr0,
1852 3180 1925 3242 ut
2002 3177 2055 3241 si
2128 3176 2482 3242 mordacius
2563 3176 2902 3260 quippiam

651 3286 974 3370 scripsero,
1024 3307 1146 3351 non
1194 3288 1325 3352 tam
1373 3306 1548 3351 meae
1582 3285 1819 3369 putetis
1869 3284 2256 3350 austeritatis
2284 3303 2417 3349 esse
2450 3303 2640 3367 quam
2661 3282 2899 3348 morbi.

647 3393 951 3458 Putridae
1000 3413 1217 3458 carnes
1266 3394 1426 3458 ferro
1477 3395 1775 3458 curantur
1825 3395 1886 3457 et
1946 3391 2249 3457 cauterio:
2346 3410 2586 3456 venena
2633 3409 2897 3473 serpen-

644 3502 777 3564 tino
823 3501 1153 3584 pelluntur
1222 3500 1522 3565 antidoto.
1620 3498 1800 3578 Quod
1879 3500 2031 3564 satis
2104 3499 2293 3581 dolet,
2369 3499 2606 3563 maiore
2680 3497 2899 3562 dolore

646 3608 1040 3690 expellitur.“
1140 3607 1460 3672 Similiter
1508 3608 1573 3671 in
1624 3628 1718 3691 ep.
1771 3611 1921 3689 55‚4
1975 3609 2265 3689 „obsecro
2297 3609 2381 3688 te,
2430 3609 2502 3670 ut
2551 3604 2896 3670 consoleris

645 3734 802 3796 cam,
850 3714 1045 3779 immo
1078 3734 1390 3798 provoces
1411 3716 1490 3779 ad
1525 3714 1815 3780 salutem.
1910 3713 2212 3779 Putridae
2242 3733 2456 3778 carnes
2503 3713 2667 3777 ferro
2715 3710 2893 3774 indi-

646 3823 798 3904 gent
845 3823 907 3884 et
953 3822 1303 3903 cauterio“;
1393 3824 1473 3886 cf.⁷
1522 3842 1617 3904 ep.
1670 3822 1841 3902 40,1.

824 3928 1002 3992 Adde
1059 3948 1152 4011 ep.
1206 3931 1350 4010 66,1
1436 3929 1541 4010 (ad
1589 3928 2091 4011 Pammachium,
2157 3929 2336 3993 cuius
2410 3946 2664 4015 uxorem
2720 3945 2891 3990 mor-

645 4037 821 4099 tuam
870 4034 1155 4119 laudan:
1235 4037 1491 4116 „sanato
1539 4035 1785 4100 vulneri
1841 4037 1902 4100 et
1948 4034 2015 4099 in
2065 4035 2421 4100 cicatricem
2476 4033 2893 4117 superductae

646 4142 776 4206 cuti
825 4142 880 4207 si
926 4142 1244 4208 medicina
1294 4144 1564 4208 colorem
1633 4143 1892 4208 reddere
1962 4142 2252 4224 voluerit,
2304 4142 2456 4206 dum
2526 4140 2890 4224 pulchritu-

647 4249 858 4313 dinem
907 4251 1180 4333 corporis
1229 4251 1497 4333 quaerit,
1546 4251 1804 4333 plagam
1840 4250 2071 4315 doloris
2119 4249 2452 4315 instaurat.
2550 4249 2647 4313 Ita
2678 4250 2741 4312 et
2773 4268 2890 4332 ego

646 4376 818 4422 serus
867 4357 1238 4438 consolator,
1292 4358 1403 4440 qui
1433 4359 1793 4440 importune
1825 4376 1953 4441 ,per
2020 4357 2350 4422 biennium
2408 4356 2600 4438 tacui,
2651 4375 2883 4438 vereor,

643 4484 721 4529 ne
767 4469 938 4531 nunc
968 4464 1390 4547 importunius
1438 4464 1661 4549 loquar
1692 4467 1756 4530 et
1803 4465 2145 4531 attrectans
2194 4465 2425 4532 vulnus
2458 4463 2730 4548 pectoris
2761 4464 2884 4552 tui,
