3096 5132
1561 400 2000 461 -64-

839 612 932 675 ep.
976 597 1074 673 1,9
1127 644 1139 657 .
1193 647 1206 660 .
1260 644 1273 657 .
1323 592 1653 658 innoxium
1699 593 1857 657 lusit
1901 594 2283 659 incendium.

840 719 933 781 ep.
972 702 1067 779 2,1
1125 700 1272 781 quia
1318 700 1435 764 hoc
1483 721 1622 763 mea
1671 701 1868 764 fecere
1919 700 2165 763 delicta.

844 824 934 887 ep.
977 808 1082 886 3,2
1132 826 1336 871 meam
1386 807 1629 871 labasse
1679 808 2072 870 sententiam.

839 932 932 993 ep.
971 912 1076 991 3,3
1129 915 1458 996 postquam
1510 964 1520 976 .
1579 965 1588 974 .
1636 963 1647 976 .
1685 913 2275 995 haerentemimpia
2310 914 2602 977 distraxit
2634 914 2906 979 avulsio,

839 1039 932 1101 ep.
978 1021 1120 1097 1,10
1171 1040 1291 1102 quo
1339 1020 1492 1083 fletu
1540 1020 1723 1105 vulgi
1771 1039 2105 1083 concussus
2155 1022 2249 1083 est
2297 1020 2564 1085 animus,

838 1145 933 1207 ep.
976 1128 1111 1205 15,1
1199 1128 1364 1208 apud
1426 1146 1531 1190 vos
1606 1128 1767 1189 solos
1839 1126 2200 1208 incorrupta
2271 1128 2522 1209 patrum
2616 1131 2908 1192 servatur

662 1230 992 1296 hereditas,

837 1357 932 1422 ep.
975 1339 1074 1419 1,8
1123 1339 1599 1420 impendentem
1650 1358 1769 1401 non
1820 1338 2003 1402 timet
2052 1342 2338 1402 mortem.

838 1464 932 1526 ep.
971 1447 1076 1522 3,3
1127 1447 1394 1509 necdum
1444 1446 1781 1509 obductam
1833 1446 2090 1508 rescidit
2139 1446 2518 1510 cicatricem.

838 1571 932 1634 ep.
971 1554 1072 1631 7‚·2
1144 1552 1348 1635 magis
1419 1553 1557 1615 volo
1629 1571 1733 1615 vos
1809 1553 2097 1615 incusare
2168 1553 2486 1616 tarditatis
2560 1573 2750 1635 quam
2802 1574 2908 1617 me

663 1658 1077 1722 condemnare
1126 1679 1248 1722 non
1297 1659 1618 1723 meritum.

840 1783 934 1846 ep.
980 1766 1116 1842 15,1
1193 1766 1438 1848 virgam
1509 1766 1775 1829 ferream
1848 1766 1909 1828 et
1956 1767 2277 1829 aeternum
2327 1765 2746 1848 opperiuntur
2797 1768 2898 1831 iu-

663 1871 971 1935 cendium.

838 1997 933 2061 ep.
973 1979 1113 2059 10,1
1169 1978 1489 2044 maledicti
1543 1977 1815 2042 hominis
1866 1979 2204 2042 distulerat
2251 1980 2550 2063 elogium.

837 2104 930 2167 ep.
973 2086 1118 2164 10,3
1198 2086 1500 2149 libentius
1581 2085 1782 2149 sancti
1858 2087 2152 2169 martyris
2237 2085 2534 2169 Cypriani
2604 2088 2907 2152 bibamus

658 2192 1034 2255 antidotum.
1168 2196 1171 2199 ’

835 2319 929 2381 ep.
972 2302 1069 2378 1,7
1130 2298 1473 2382 languidus
1526 2350 1538 2361 .
1593 2344 1608 2359 .
1661 2350 1673 2363 .
1724 2319 1939 2363 mucro
1991 2350 2003 2362 .
2058 2350 2070 2362 .
2126 2351 2137 2361 .
2188 2298 2353 2362 circa
2402 2301 2706 2364 cervicem
2768 2303 2903 2365 tor-

655 2406 763 2487 pet
812 2405 1154 2469 innoxium.

833 2531 927 2594 ep.
964 2516 1062 2594 2,1
1118 2513 1185 2577 in
1234 2512 1437 2578 medio
1487 2513 1868 2578 constitutus
1920 2513 2248 2577 elemento.

833 2639 927 2701 ep.
965 2621 1063 2701 3‚1
1119 2621 1282 2685 illud
1333 2640 1399 2684 os
1451 2673 1463 2686 .
1522 2666 1538 2682 .
1592 2671 1604 2684 .
1655 2621 1979 2704 impressis
2030 2621 2287 2703 figerem
2337 2621 2545 2686 labiis,

834 2746 927 2809 ep.
973 2730 1160 2808 14,10
1211 2729 1289 2791 ad
1340 2748 1568 2809 purum
1618 2728 1885 2792 aetheris
1936 2730 2178 2791 evolare
2224 2728 2558 2810 fulgorem.

832 2854 927 2916 ep.
969 2835 1160 2915 18,20
1209 2855 1423 2899 eorum
1470 2835 1841 2918 obsequitur
1888 2834 2225 2899 voluntati.

657 3084 716 3147 7.
786 3083 1113 3149 Verbum
1187 3082 1495 3168 dirimsit
1565 3104 1782 3149 voces
1852 3085 2250 3166 particula
2312 3084 2422 3148 ‘et’
2473 3086 2598 3149 vel
2647 3084 2908 3150 simili

1216 3192 1425 3255 modo
1473 3192 1681 3254 inter
1728 3209 1803 3255 se
1851 3192 2334 3254 coniunctas:

837 3370 933 3432 ep.
975 3352 1111 3430 13,1
1170 3353 1279 3414 aut
1324 3350 1678 3432 praemium
1727 3350 2124 3432 recuperabit
2171 3351 2280 3413 aut
2328 3369 2611 3432 poenam.

844 3492 938 3556 ep.
981 3475 1125 3552 163
1176 3494 1344 3537 nunc
1392 3476 1501 3538 aut
1548 3476 1671 3538 duo
1719 3475 2114 3537 mentiuntur
2161 3476 2270 3537 aut
2318 3452 2582 3539 omnes,¹

841 3618 936 3681 ep.
978 3598 1166 3678 18‚16
1218 3598 1476 3662 auribus
1535 3600 1787 3663 tantum
1838 3598 2201 3661 studeamus
2252 3600 2314 3661 et
2360 3598 2601 3680 lingua.

831 3741 926 3803 ep.
963 3724 1113 3801 322
1188 3721 1353 3805 quod
1423 3723 1488 3786 in
1563 3741 1688 3785 una
1759 3725 1946 3804 atque
2018 3723 2246 3786 eadem
2285 3721 2642 3787 Christiana
2702 3723 2903 3789 simul

661 3826 969 3911 diligatur
1017 3831 1080 3892 et
1124 3832 1343 3894 mater.

833 3973 927 4035 ep.
963 3953 1107 4033 38,1
1163 3955 1235 4017 ut
1284 3955 1525 4035 patrem
1572 3953 1794 4036 pascat
1839 3955 1901 4017 et
1947 3953 2192 4017 fratreS.

836 4097 931 4159 ep.
978 4077 1119 4156 18,4
1172 4096 1286 4140 nec
1333 4077 1508 4149 aliud
1556 4078 1764 4141 filium
1810 4076 2069 4141 iussisse
2120 4096 2308 4160 quam
2356 4079 2674 4160 spiritum.

848 4201 963 4264 His
1044 4201 1344 4281 exemplis
1428 4220 1458 4263 e
1528 4201 1788 4266 milibus
1859 4200 2072 4265 electis
2142 4201 2272 4263 vim
2344 4202 2663 4265 clausulae
2744 4203 2900 4265 satis

656 4307 1147 4370 demonstratam
1219 4326 1350 4370 esse
1425 4327 1659 4370 censeo,
1765 4308 1941 4371 Alias
2011 4307 2436 4371 mutationum
2485 4327 2701 4372 causas
2776 4327 2900 4372 non

652 4430 1020 4495 persequar3
1084 4416 1294 4475 tamen
1344 4432 1570 4494 paucos
1620 4414 1929 4496 proferam
1973 4414 2159 4492 locOS,
2210 4412 2439 4495 quibus
2474 4413 2897 4496 Hieronymus
