3096 5132
1064 433 1503 503 -71-

160 628 342 693 sinus
400 626 783 708 contraham,
845 647 960 691 nec
1005 626 1349 709 indulgebo
1399 627 1684 690 mucroni
1731 626 1858 691 iam
1905 647 2074 692 nunc
2118 647 2229 710 pro
2276 628 2400 693 vir-

157 734 431 818 ginitate
500 732 688 798 ferire
758 733 1056 816 cupienti.
1174 732 1445 796 Ballista
1517 735 1749 816 quanto
1823 734 1966 816 plus
2036 733 2401 815 retrahitur,

156 842 335 906 tanto
404 841 630 906 fortius
678 840 897 904 mittit.
994 840 1131 904 Non
1205 841 1302 903 est
1372 838 1674 905 damnum
1723 839 1965 920 dilatio,
2017 840 2130 905 ubi
2176 842 2402 904 certior

161 948 238 1011 fit
316 967 386 1011 ex
463 946 766 1011 dilatione
843 946 1122 1010 victoria.
1270 946 1621 1028 Proponam
1692 946 1966 1010 breviter
2059 946 2402 1012 adversarii

160 1054 503 1118 sententias
575 1055 636 1118 et
705 1054 782 1117 de
848 1052 1195 1117 tenebrosis
1253 1052 1436 1116 libris
1491 1051 1625 1116 eius
1673 1052 1854 1135 quasi
1902 1055 1977 1118 de
2023 1053 2218 1118 foveis
2267 1073 2394 1118 ser-

160 1161 380 1243 pentes
428 1150 792 1242 protraham
843 1211 855 1223 .
909 1211 922 1223 .
977 1163 1056 1224 .“.

340 1265 683 1332 Sententiis
715 1265 1036 1330 Joviniani
1071 1265 1281 1330 allatis
1313 1266 1429 1330 hoc
1461 1265 1645 1330 modo
1679 1286 1743 1329 se
1777 1267 2027 1331 excusat
2063 1266 2133 1346 (l.
2159 1266 2190 1329 Ι
2224 1285 2273 1332 0.
2306 1269 2400 1347 6):

165 1373 459 1454 „Nimius
524 1373 787 1438 fortasse
858 1373 1086 1438 fuerim
1156 1373 1219 1437 in
1281 1373 1662 1457 expositione
1718 1373 2217 1456 propositionum
2266 1373 2400 1437 eius

164 1481 225 1544 et
296 1481 532 1564 legenti
601 1479 933 1545 fastidium
1005 1480 1288 1560 fecerim3
1375 1481 1482 1544 sed
1553 1481 1712 1545 utile
1759 1481 1932 1544 ratus
1983 1499 2124 1545 sum
2177 1480 2403 1544 cuncta

158 1586 492 1674 molimina
562 1587 694 1651 eius
756 1587 937 1670 quasi
984 1587 1362 1651 instructam
1409 1587 1608 1651 aciem
1658 1589 1872 1652 contra
1920 1606 2017 1651 me
2064 1606 2290 1671 ponere
2339 1588 2403 1651 et

157 1694 366 1758 totum
427 1693 718 1758 hostilem
776 1694 1115 1758 exercitum
1163 1713 1308 1757 cum
1357 1694 1487 1758 suis
1534 1693 1765 1757 turmis
1814 1712 1885 1758 ac
1932 1693 2199 1758 ducibus
2250 1713 2394 1758 con-

162 1820 444 1884 gregare,
495 1820 573 1864 ne
621 1803 765 1883 post
810 1800 1080 1883 primam
1115 1800 1441 1865 victoriam
1477 1800 1605 1865 alia
1635 1800 1795 1865 mihi
1838 1800 2132 1883 deinceps
2166 1800 2403 1882 proelia

158 1908 626 1971 nascerentur.“
723 1907 870 1971 Alia
918 1906 1336 1972 similitudine
1386 1927 1417 1971 e
1463 1927 1530 1972 re
1578 1907 1846 1972 militari
1896 1909 2149 1991 sumpta
2194 1907 2336 1973 inl.
2374 1908 2405 1971 Ι

160 2033 212 2080 0.
252 2014 335 2077 35
383 2014 617 2079 utitur:
690 2014 1036 2098 „quomodo
1083 2015 1150 2078 in
1199 2014 1555 2098 legionibus
1605 2016 1668 2078 et
1700 2014 1973 2079 exercitu
2007 2016 2155 2079 sunt
2186 2015 2398 2096 duceS,

162 2122 316 2185 sunt
360 2120 624 2202 tribuni,
674 2123 822 2184 sunt
855 2120 1271 2201 centuriones,
1322 2123 1470 2185 sunt
1517 2121 1839 2185 ferentarii
1887 2140 1958 2186 ac
2000 2120 2157 2185 levis
2193 2139 2398 2185 arma-

158 2229 342 2291 turae
402 2229 464 2290 et
509 2227 693 2291 miles
745 2227 1072 2311 gregarius
1143 2231 1204 2291 et
1267 2227 1596 2310 manipuli,
1664 2228 2120 2310 commissaque
2192 2247 2408 2311 pugna

160 2335 391 2397 vacant
461 2333 713 2398 nomina
786 2334 1173 2416 dignitatum
1232 2341 1293 2397 et
1341 2333 1473 2398 sola
1520 2334 1822 2397 fortitudo
1873 2334 2223 2416 quaeritur:
2315 2333 2407 2398 ita

162 2439 229 2502 in
279 2438 396 2503 hoc
444 2458 663 2521 campo
735 2441 797 2504 et
842 2440 1099 2522 proeliO,
1173 2460 1294 2524 quo
1343 2444 1558 2504 contra
1607 2441 1936 2504 daemones
2009 2439 2406 2520 dimicamus,

161 2563 287 2609 non
336 2547 723 2627 quaeruntur
767 2547 1039 2628 nomina,
1091 2547 1200 2611 sed
1235 2566 1449 2631 opera;
1515 2549 1577 2611 et
1610 2545 1938 2631 gloriosior
1967 2544 2081 2611 ille
2114 2548 2231 2612 sub
2264 2566 2407 2612 vero

161 2652 538 2735 imperatore
581 2650 853 2733 Christe,
903 2674 1024 2717 non
1075 2654 1185 2736 qui
1232 2654 1524 2734 nobilior,
1574 2653 1684 2717 sed
1733 2652 1843 2736 qui
1889 2653 2108 2717 fortior
2155 2654 2311 2717 est.“

349 2759 514 2823 Audi
566 2760 1060 2842 comparationes
1111 2758 1386 2842 quinque
1434 2778 1764 2826 sensuum:
2303 2751 2308 2756 ’

344 2866 387 2929 1.
425 2865 488 2928 ΙΙ
536 2885 586 2929 0.
623 2867 692 2929 8:
812 2886 958 2948 „per
1031 2866 1310 2949 quinque
1381 2885 1599 2930 sensus
1674 2866 1855 2947 quasi
1924 2885 2035 2948 per
2106 2868 2409 2949 quasdam

172 2973 479 3036 fenestras
550 2972 848 3036 vitiorum
920 2972 996 3034 ad
1071 2972 1347 3036 animam
1420 2972 1719 3035 introitus
1791 2975 1902 3037 est.
1998 2974 2135 3037 Non
2205 2974 2411 3055 potest

173 3081 319 3141 ante
379 3078 741 3161 metropolis
802 3079 864 3141 et
912 3098 1019 3142 arx
1065 3079 1294 3142 mentis
1344 3078 1504 3161 capi,
1554 3078 1680 3142 nisi
1728 3098 1839 3162 per
1883 3080 2092 3162 portas
2143 3081 2273 3144 eius
2323 3081 2409 3144 ir-

170 3184 373 3248 ruerit
403 3184 651 3249 hostilis
685 3184 1010 3251 exercitus
1092 3186 1329 3249 Horum
1374 3185 1954 3268 perturbationibus
1988 3186 2199 3250 anima
2228 3206 2407 3269 prae-

175 3293 475 3374 gravatur
545 3293 607 3355 et
667 3293 914 3374 capitur
987 3294 1241 3375 aspectu
1314 3292 1536 3357 auditu
1586 3293 1847 3357 odoratu
1894 3312 2110 3375 sapore
2155 3294 2403 3372 tactu;“

351 3399 396 3462 1.
429 3397 494 3461 11
542 3417 592 3464 c.
633 3400 743 3463 10:
823 3418 1082 3481 „sensus
1133 3418 1464 3484 corporum
1511 3400 1689 3481 quasi
1740 3400 1884 3483 equi
1933 3402 2080 3463 sunt
2127 3400 2261 3463 sine
2310 3420 2408 3463 ra-

169 3504 343 3568 tione
392 3507 731 3584 currenteS,
782 3506 993 3569 anima
1039 3524 1182 3569 vero
1231 3507 1293 3569 in
1347 3507 1605 3589 aurigae
1652 3505 1909 3570 modum
1956 3506 2187 3570 retinet
2231 3506 2407 3570 frena

171 3610 578 3675 currentium.
694 3612 775 3676 Et
846 3612 1155 3694 quomodo
1227 3614 1373 3696 equi
1438 3613 1673 3695 absque
1743 3615 1979 3677 rectore
2032 3612 2405 3697 praecipites

168 3718 394 3781 ruunt:
467 3718 556 3782 ita
627 3737 849 3803 corpus
900 3718 1035 3783 sine
1105 3719 1346 3783 ratione
1394 3721 1456 3783 et
1503 3719 1767 3802 imperio
1817 3721 2061 3784 animae
2108 3720 2173 3783 in
2224 3740 2408 3785 suum

167 3826 372 3889 fertur
422 3824 891 3905 interitum¹);“

342 3930 541 3995 ibid:
637 3933 798 4011 „alia
872 3952 1118 4016 quoque
1193 3934 1574 4017 comparatio
1648 3934 1893 3998 animae
1943 3935 2003 3997 et
2051 3935 2323 4018 corporis
2375 3955 2411 3999 a

159 4038 553 4122 philosophis
624 4041 910 4121 ponitur:
1007 4060 1229 4124 corpus
1287 4060 1576 4123 puerum,
1650 4041 1924 4105 animam
1972 4043 2408 4126 paedagogum

160 4165 296 4211 esse
344 4143 700 4210 dicentibus
720 4145 835 4228 ²).“

344 4323 385 4390 ¹)
427 4324 507 4374 cf.
546 4324 685 4375 Plat.
726 4324 959 4375 Phaedr.
1003 4327 1105 4375 246
1147 4342 1265 4392 sqq.

342 4414 387 4483 ⁹)
429 4414 509 4465 Cf.
551 4431 642 4466 eos
683 4414 846 4478 10003,
889 4431 1020 4480 quos
1046 4415 1357 4466 Wendland
1402 4415 1777 4482 „quaestiones
1803 4415 2186 4467 Musonianae“
2230 4415 2413 4471 Berol.

174 4506 312 4557 1886
354 4503 427 4573 (p.
456 4506 485 4554 3
526 4503 676 4572 adn.)
715 4504 910 4556 attulit.
